% Encoding: UTF-8
@string{ACL01 = "Proceedings of the 39th Annual Conference of the Association for Computational Linguistics (ACL-01)"}
@string{brainlang = {Brain \& Language}}
@string{cogsciConference40 = {Proceedings of the 40th Annual Meeting of the {Cognitive} {Science} {Society}}}
@string{jeplmc = {Journal of Experimental Psychology: Learning, Memory, \& Cognition}}
@string{jml = {Journal of Memory and Language}}
@string{psychrev = {Psychological Review}}

@InCollection{Sauerland18,
  author   = {Sauerland, Uli},
  title    = {False Speech Reports in {Pirah{\~a}:} A Comprehension Experiment},
  year     = {2018},
  pages    = {21--34},
  crossref = {AmMaNeRo18},
}

@InCollection{SakeStap10,
  author   = {Sakel, Jeanette and Stapert, Eugenie},
  title    = {Pirah{\~a} -- In Need of Recursive Syntax?},
  pages    = {3--16},
  crossref = {Hulst10},
}

@InCollection{SandaloEtAl18,
  author   = {Sandalo, Filomena and Rodrigues, Cilene and Roeper, Tom and Amaral, Luiz and Maia, Marcus and Romling da~Silva, Glauber},
  title    = {Self-Embedded Recursive Postpositional Phrases in {Pirah{\~a}}: A Pilot Study},
  year     = {2018},
  pages    = {279--295},
  crossref = {AmMaNeRo18},
}

@InCollection{Karlsson10,
  author   = {Karlsson, Fred},
  title    = {Syntactic Recursion and Iteration},
  pages    = {43--67},
  crossref = {Hulst10},
}

@InCollection{Everett86HAL,
  author   = {Everett, Daniel L.},
  title    = {Pirah{\~a}},
  pages    = {200--325},
  crossref = {DerbPull86},
}

@Article{Schoenfinkel:1924,
  author   = {Moses Sch\"onfinkel},
  title    = {On the building blocks of mathematical logic},
  journal  = {Mathematische Annalen},
  year     = {1924},
  number   = {3--4},
  pages    = {305--316},
  crossref = {Heijenoort:1967},
}

@InCollection{PullScho10,
  author   = {Pullum, Geoffrey K. and Barbara C. Scholz},
  title    = {Recursion and the Infinitude Claim},
  pages    = {113--138},
  crossref = {Hulst10},
}

@InCollection{Koehn86,
  author   = {Koehn, Ed and Sally Koehn},
  title    = {Apalai},
  pages    = {33--127},
  crossref = {DerbPull86},
}

@InCollection{jimenez2017causativity,
  author    = {Jiménez-Fernández, Angel and Tubino-Blanco, Mercedes},
  title     = {Causativity in Southern Peninsular Spanish},
  booktitle = {The syntactic variation of Spanish dialects},
  year      = {2017},
  publisher = {Oxford: Oxford University Press},
  pages     = {181--212},
}

@Book{tomasello2005constructing,
  author    = {Tomasello, Michael},
  title     = {{Constructing a Language: {A} Usage-Bbased Theory of Language Acquisition}},
  year      = {2005},
  publisher = {{Harvard University Press}},
}

@Article{everett2017grammar,
  author  = {Everett, Daniel L.},
  title   = {Grammar Came Later: Triality of Patterning and the Gradual Evolution of Language},
  journal = {Journal of Neurolinguistics},
  year    = {2017},
  volume  = {41},
  number  = {8},
  pages   = {133--165},
}

@Article{wolff2003direct,
  author  = {Wolff, Phillip},
  title   = {Direct causation in the linguistic coding and individuation of causal events},
  journal = {Cognition},
  year    = {2003},
  volume  = {88},
  pages   = {1--48},
}

@Article{steinert2021quantifiers,
  author    = {Steinert-Threlkeld, Shane},
  title     = {Quantifiers in natural language: {E}fficient communication and degrees of semantic universals},
  journal   = {Entropy},
  year      = {2021},
  volume    = {23},
  number    = {10},
  pages     = {1335},
  publisher = {MDPI},
}

@MastersThesis{Felizes23,
  author  = {Felizes, Pedro Vaz},
  title   = {Nomes, Corpos e Lugares na Etnografia Pirah{\~a} [Names, Bodies, and Places in Pirah{\~a} Ethnography]},
  year    = {2023},
  address = {S{\~a}o Carlos, Brazil},
  school  = {Programa de P{\'o}s-Gradua\c{c}{\~a}o em Antropologia Social Universidade Federal de S{\~a}o Carlos [Social Anthropology Graduate Program, Federal University of S{\~a}o Carlos]},
}

@Article{nevins2009evidence,
  author    = {Nevins, Andrew and Pesetsky, David and Rodrigues, Cilene},
  title     = {Evidence and argumentation: A reply to {E}verett (2009)},
  journal   = {Language},
  year      = {2009},
  volume    = {85},
  number    = {3},
  pages     = {671--681},
  publisher = {Linguistic Society of America},
}

@InCollection{sauerland2018false,
  author    = {Sauerland, Uli},
  title     = {False speech reports in Pirahã: A comprehension experiment},
  booktitle = {Recursion across domains},
  year      = {2018},
  editor    = {Luiz Amaral and Marcus Maia and Andrew Nevins and Tom Roeper},
  publisher = {Cambridge University Press},
  pages     = {21--34},
}

@InCollection{pullum2023daniel,
  author    = {Pullum, Geoffrey K},
  title     = {Daniel {Everett} on {Pirahã} Syntax},
  booktitle = {From fieldwork to linguistic theory: A tribute to Dan Everett},
  year      = {2023},
  editor    = {Edward Gibson and Moshe Poliak},
  publisher = {Language Science Press},
  pages     = {29--60},
}

@InCollection{foley2010clause,
  author    = {Foley, William A.},
  title     = {Clause linkage and nexus in Papuan languages},
  booktitle = {Clause linking and clause hierarchy},
  year      = {2010},
  publisher = {John Benjamins, Amsterdam},
  pages     = {27--50},
}

@Manual{ggpattern2022,
  author = {Mike FC and Trevor L Davis and {ggplot2 authors}},
  title  = {ggpattern: 'ggplot2' Pattern Geoms},
  year   = {2022},
  note   = {R package version 1.0.1},
  url    = {https://CRAN.R-project.org/package=ggpattern},
}

@Article{evans2009myth,
  author    = {Evans, N. and Levinson, S.C.},
  title     = {{The myth of language universals: Language diversity and its importance for cognitive science}},
  journal   = {Behavioral and Brain Sciences},
  year      = {2009},
  volume    = {32},
  number    = {05},
  pages     = {429--448},
  issn      = {0140-525X},
  publisher = {Cambridge Univ Press},
}

@PhdThesis{raviv2020language,
  author = {Raviv, Limor},
  title  = {Language and society: How social pressures shape grammatical structure},
  year   = {2020},
  school = {Radboud University, Nijmegen},
}

@Article{goldstein2022shared,
  author    = {Goldstein, Ariel and Zada, Zaid and Buchnik, Eliav and Schain, Mariano and Price, Amy and Aubrey, Bobbi and Nastase, Samuel A and Feder, Amir and Emanuel, Dotan and Cohen, Alon and others},
  title     = {Shared computational principles for language processing in humans and deep language models},
  journal   = {{Nature Neuroscience}},
  year      = {2022},
  volume    = {25},
  number    = {3},
  pages     = {369--380},
  publisher = {Nature Publishing Group},
}

@Article{piantadosi2012communicative,
  author    = {Piantadosi, Steven T and Tily, Harry and Gibson, Edward},
  title     = {The communicative function of ambiguity in language},
  journal   = {Cognition},
  year      = {2012},
  volume    = {122},
  number    = {3},
  pages     = {280--291},
  publisher = {Elsevier},
}

@InCollection{reali2009necessity,
  author    = {Reali, Florencia and Christiansen, Morten H},
  title     = {On the necessity of an interdisciplinary approach to language universals},
  booktitle = {Language {U}niversals},
  year      = {2009},
  publisher = {Oxford University Press},
}

@Article{chen1999empirical,
  author    = {Stanley F. Chen and Joshua Goodman},
  title     = {{An empirical study of smoothing techniques for language modeling}},
  journal   = {Computer Speech {\&} Language},
  year      = {1999},
  volume    = {13},
  number    = {4},
  pages     = {359--393},
  bibsource = {DBLP, http://dblp.uni-trier.de},
  ee        = {http://dx.doi.org/10.1006/csla.1999.0128},
  publisher = {Elsevier},
}

@InProceedings{jelinek1988applying,
  author    = {Jelinek, Frederick},
  title     = {{Applying information theoretic methods: Evaluation of grammar quality}},
  booktitle = {{Workshop on Evaluation of Natural Language Processing Systems, Wayne, PA}},
  year      = {1988},
}

@Misc{postal2012two,
  author  = {Postal, Paul},
  title   = {Two case studies of {C}homsky’s play acting at linguistics},
  year    = {2012},
  url     = {https://lingbuzz.net/lingbuzz/001686},
  journal = {Lingbuzz},
}

@Book{henrich2020weirdest,
  author    = {Henrich, Joseph},
  title     = {The WEIRDest People in the World, How the West Became Psychologicaly Peculiar and Particularly Prosperous},
  year      = {2020},
  publisher = {Farrar, Straus and Giroux},
}

@Article{bhatia2022transformer,
  author    = {Bhatia, Sudeep and Richie, Russell},
  title     = {Transformer networks of human conceptual knowledge.},
  journal   = {{Psychological Review}},
  year      = {2022},
  publisher = {American Psychological Association},
}

@InCollection{block1998conceptual,
  author    = {Block, Ned},
  title     = {Conceptual Role Semantics},
  booktitle = {{Routledge Encyclopedia of Philosophy}},
  year      = {1998},
  publisher = {{Taylor and Francis}},
  pages     = {242--256},
}

@Article{ferrigno2020recursive,
  author    = {Ferrigno, Stephen and Cheyette, Samuel J and Piantadosi, Steven T and Cantlon, Jessica F},
  title     = {Recursive sequence generation in monkeys, children, {US} adults, and native {A}mazonians},
  journal   = {Science Advances},
  year      = {2020},
  volume    = {6},
  number    = {26},
  pages     = {eaaz1002},
  publisher = {American Association for the Advancement of Science},
}

@Book{wexler1980formal,
  author    = {Wexler, Kenneth and Culicover, Peter W},
  title     = {{Formal Principles of Language Acquisition}},
  year      = {1980},
  volume    = {76},
  publisher = {{MIT Press}},
}

@Article{everett2015role,
  author    = {Everett, Daniel L},
  title     = {The role of culture in the emergence of language},
  journal   = {The handbook of language emergence},
  year      = {2015},
  pages     = {354--376},
  publisher = {Hoboken, NJ: Wiley Online Library},
}

@Book{chomsky1965aspects,
  author    = {Chomsky, N.},
  title     = {Aspects of the Theory of Syntax},
  year      = {1965},
  publisher = {MIT Press},
  address   = {Cambridge, MA},
}

@Article{pinker1988language,
  author    = {Pinker, Steven and Prince, Alan},
  title     = {On language and connectionism: {A}nalysis of a parallel distributed processing model of language acquisition},
  journal   = {Cognition},
  year      = {1988},
  volume    = {28},
  number    = {1-2},
  pages     = {73--193},
  publisher = {Elsevier},
}

@InProceedings{hirschbergpierrehumbert1986,
  author    = {Julia Hirschberg and Janet Breckenridge Pierrehumbert},
  title     = {The intonational Structuring of Discourse},
  booktitle = {{Annual Meeting of the Association for Computational Linguistics}},
  year      = {1986},
  publisher = {{ACL}},
  pages     = {136--144},
}

@Book{Brachman:2004,
  author    = {Brachman, R.J. and Levesque, H.},
  title     = {Knowledge {R}epresentation and reasoning},
  date      = {2004},
  publisher = {Morgan Kaufmann Elsevier, Los Altos, CA},
}

@InCollection{barbosa2002,
  author    = {Plinio Barbosa},
  title     = {Explaining cross-linguistic rhythmic variability via a coupled-oscillator model for rhythm production},
  booktitle = {{Proceedings of the 1st International Conference on Speech Prosody}},
  year      = {2002},
  editor    = {Bernard Bel and Isabel Marlien},
  publisher = {Laboratoire Parole et Langage},
  pages     = {163--166},
  address   = {Aix-en-Provence},
}

@Article{edelman2007behavioral,
  author    = {Edelman, Shimon and Waterfall, Heidi},
  title     = {Behavioral and computational aspects of language and its acquisition},
  journal   = {{Physics of Life Reviews}},
  year      = {2007},
  volume    = {4},
  number    = {4},
  pages     = {253--277},
  publisher = {Elsevier},
}

@Article{karlsson2007aconstraints,
  author  = {Karlsson, Fred},
  title   = {Constraints on multiple initial embedding of clauses},
  journal = {International Journal of Corpus Linguistics},
  year    = {2007},
  volume  = {121},
  pages   = {107--118},
}

@Article{johnson1997critique,
  author    = {Johnson, David and Lappin, Shalom},
  title     = {{A Critique of the Minimalist Program}},
  journal   = {Linguistics and Philosophy},
  year      = {1997},
  pages     = {273--333},
  publisher = {JSTOR},
}

@Book{behaghel1932deutsche,
  author    = {Behaghel, Otto},
  title     = {Deutsche {S}yntax: Eine geschichtliche {D}arstellung. {B}and {IV}: {W}ortstellung},
  year      = {1932},
  publisher = {Carl Winter},
  address   = {Heidelberg, Germany},
}

@Article{sag2012sign,
  author  = {Sag, Ivan A},
  title   = {Sign-based construction grammar: An informal synopsis},
  journal = {Sign-based construction grammar},
  year    = {2012},
  volume  = {193},
  pages   = {69--202},
}

@Article{EverGibs19,
  author  = {Everett, Daniel L. and Gibson, Edward},
  title   = {Review article on \textit{{Recursion} {Across} {Domains}}},
  journal = {Language},
  year    = {2019},
  volume  = {95},
  number  = {4},
  pages   = {621--646},
}

@Article{vaswani2017attention,
  author  = {Vaswani, Ashish and Shazeer, Noam and Parmar, Niki and Uszkoreit, Jakob and Jones, Llion and Gomez, Aidan N and Kaiser, {\L}ukasz and Polosukhin, Illia},
  title   = {Attention is all you need},
  journal = {{Advances in Neural Information Processing Systems}},
  year    = {2017},
  volume  = {30},
}

@Article{edelman2019verbal,
  author  = {Shimon Edelman},
  title   = {Verbal behavior without syntactic structures: {Beyond Skinner and Chomsky}},
  journal = {arXiv preprint arXiv:4783474},
  year    = {2019},
}

@Article{everett2015climate,
  author    = {Everett, Caleb and Blasi, Dami{\'a}n E and Roberts, Se{\'a}n G},
  title     = {Climate, vocal folds, and tonal languages: {C}onnecting the physiological and geographic dots},
  journal   = {{Proceedings of the National Academy of Sciences}},
  year      = {2015},
  volume    = {112},
  number    = {5},
  pages     = {1322--1327},
  publisher = {{National Academy of Sciences}},
}

@Article{everett1986piraha,
  author    = {Everett, Daniel L.},
  title     = {Pirah{\~a}},
  journal   = {Handbook of Amazonian languages},
  year      = {1986},
  volume    = {1},
  pages     = {200--325},
  booktitle = {Handbook of Amazonian Languages},
  publisher = {SIL International},
}

@Book{lyons1969introduction,
  author    = {Lyons, John},
  title     = {Introduction to Theoretical Linguistics},
  year      = {1969},
  publisher = {Cambridge: Cambridge University Press},
}

@Article{maddieson2018language,
  author    = {Maddieson, Ian},
  title     = {Language adapts to environment: sonority and temperature},
  journal   = {Frontiers in Communication},
  year      = {2018},
  volume    = {3},
  pages     = {28},
  publisher = {Frontiers Media SA},
}

@Article{gil2021tense,
  author    = {Gil, David},
  title     = {Tense--aspect--mood marking, language-family size and the evolution of predication},
  journal   = {Philosophical Transactions of the Royal Society B},
  year      = {2021},
  volume    = {376},
  number    = {1824},
  pages     = {20200194},
  publisher = {The Royal Society},
}

@InCollection{gibbon4urua2022,
  author    = {Dafydd Gibbon},
  title     = {New Perspectives on {I}bibio Rhythm},
  booktitle = {{Current Issues in Descriptive Linguistics and Digital Humanities. A Festschrift in Honor of Professor Eno-Abasi Essien Urua}},
  year      = {2022},
  editor    = {Moses Effiong Ekpenyong and Imelda Icheji Udoh},
  publisher = {Springer Nature},
  address   = {Singapore},
}

@InCollection{Tarski:1956,
  author    = {Alfred Tarski},
  title     = {The concept of truth in formalized languages},
  booktitle = {Logic, Semantics, Metamathematics},
  year      = {1956},
  editor    = {A. Tarski},
  publisher = {Clarendon Press},
  pages     = {152--278},
  address   = {Oxford},
}

@Article{goodman2011learning,
  author    = {Goodman, Noah D and Ullman, Tomer D and Tenenbaum, Joshua B},
  title     = {Learning a theory of causality.},
  journal   = {{Psychological Review}},
  year      = {2011},
  volume    = {118},
  number    = {1},
  pages     = {110},
  publisher = {{American Psychological Association}},
}

@Article{trim1959,
  author  = {John Leslie Melville Trim},
  title   = {Major and minor tone groups in English},
  journal = {Le Maître Phonétique},
  year    = {1959},
  volume  = {112},
  pages   = {26--29},
}

@Article{everett2018global,
  author    = {Everett, Caleb},
  title     = {The global dispreference for posterior voiced obstruents: A quantitative assessment of word-list data},
  journal   = {Language},
  year      = {2018},
  volume    = {94},
  number    = {4},
  pages     = {e311--e323},
  publisher = {Linguistic Society of America},
}

@Unpublished{dahl2015weird,
  author = {Dahl, Östen},
  title  = {How WEIRD are WALS Languages},
  year   = {2015},
  note   = {Paper presented at the conference "Diversity linguistics: Retrospect and Prospect", Max Planck Institute for Evolutionary Anthropology, Leipzig},
  url    = {https://zenodo.org/record/7473063},
}

@Article{david1989s,
  author    = {David Mermin},
  title     = {What's wrong with this pillow?},
  journal   = {Physics Today},
  year      = {1989},
  volume    = {42},
  number    = {4},
  pages     = {9--11},
  publisher = {American Institute of Physics},
}

@Article{chang2023speak,
  author  = {Chang, Kent K and Cramer, Mackenzie and Soni, Sandeep and Bamman, David},
  title   = {Speak, memory: {A}n archaeology of books known to {Chatgpt/GPT-4}},
  journal = {arXiv preprint arXiv:2305.00118},
  year    = {2023},
}

@InCollection{bertinetto2016tense,
  author    = {Bertinetto, Pier Marco and Squartini, Mario},
  title     = {Tense and aspect},
  booktitle = {The Oxford Guide to the Romance Languages},
  year      = {2016},
  editor    = {Ledgeway, Adam and Maiden, Martin},
  publisher = {Oxford University Press},
  pages     = {939–953},
}

@Article{rathckeetaltapping2021,
  author  = {Rathcke, Tamara and Lin, Chia-Yuan and Falk, Simone and Bella, Simone Dalla},
  title   = {Tapping into linguistic rhythm},
  journal = {Laboratory Phonology},
  year    = {2021},
  volume  = {12},
  number  = {1},
  note    = {Article Number: 11},
  doi     = {10.5334/labphon.248},
}

@Article{labelle1992change,
  author  = {Labelle, Marie},
  title   = {Change of state and valency},
  journal = {Journal of Linguistics},
  year    = {1992},
  volume  = {28},
  number  = {2},
  pages   = {375--414},
}

@Book{barnesshattuckhufnagel2022,
  title     = {Prosodic Theory and Practice},
  year      = {2022},
  editor    = {Jonathan Barnes and Stefanie Shattuck-Hufnagel},
  publisher = {MIT Press},
  address   = {Boston MA},
}

@InProceedings{jakubicek2013tenten,
  author       = {Jakubíček, Miloš and Kilgarriff, Adam and Kovář, Vojtěch and Rychlý, Pavel and Suchomel, Vít},
  title        = {The TenTen corpus family},
  booktitle    = {7th International Corpus Linguistics Conference},
  year         = {2013},
  organization = {Lancaster University},
  pages        = {125--127},
}

@Article{packard1980geometry,
  author    = {Packard, Norman H and Crutchfield, James P and Farmer, J Doyne and Shaw, Robert S},
  title     = {Geometry from a time series},
  journal   = {{Physical Review Letters}},
  year      = {1980},
  volume    = {45},
  number    = {9},
  pages     = {712},
  publisher = {APS},
}

@InCollection{kirby2000syntax,
  author    = {Kirby, Simon},
  title     = {Syntax without natural selection: How compositionality emerges from vocabulary in a population of learners},
  booktitle = {The Evolutionary Emergence of Language: Social Function and the Origins of Linguistic Form},
  year      = {2000},
  editor    = {C. Knight},
  publisher = {Cambridge University Press, Cambridge, UK},
  pages     = {303--323},
}

@Article{gill1999pedagogical,
  author  = {Gill, Wayne},
  title   = {A pedagogical grammar of the {C}himane ({T}simane) language},
  journal = {San Borja, Bolivia: New Tribes Mission},
  year    = {1999},
}

@Article{piantadosi2016four,
  author    = {Piantadosi, Steven T and Jacobs, Robert A},
  title     = {Four problems solved by the probabilistic language of thought},
  journal   = {{Current Directions in Psychological Science}},
  year      = {2016},
  volume    = {25},
  number    = {1},
  pages     = {54--59},
  publisher = {Sage Publications Sage CA: Los Angeles, CA},
}

@Article{chomsky1959chomsky,
  author    = {Chomsky, Noam},
  title     = {{A review of {Verbal Behavior} by B.F. Skinner}},
  journal   = {Language},
  year      = {1959},
  volume    = {35},
  number    = {1},
  pages     = {26--58},
  publisher = {JSTOR},
}

@InCollection{Kalmar85,
  author    = {Kalm{\'a}r, Ivan},
  title     = {Are There Really No Primitive Languages?},
  booktitle = {Literacy, Language, and Learning: The Nature and Consequences of Reading and Writing},
  year      = {1985},
  editor    = {David R. Olson and Nancy Torrance and Angela Hildyard},
  publisher = {Cambridge University Press},
  pages     = {148--166},
  address   = {Cambridge},
}

@InProceedings{frank2008language,
  author    = {Frank, Michael C and Everett, Daniel L., and Fedorenko, Evelina and Gibson, Edward},
  title     = {Language as a cognitive technology: {E}nglish-speakers match like {P}irah{\~a} when you don't let them count},
  booktitle = {Proceedings of the 30th annual meeting of the Cognitive Science Society},
  year      = {2008},
}

@Article{mcnally2022grammatically,
  author  = {McNally, Louise and Spalek, Alexandra A.},
  title   = {Grammatically relevant aspects of meaning and verbal polysemy},
  journal = {Linguistics},
  year    = {2022},
  volume  = {60},
  number  = {6},
  pages   = {1943--1987},
}

@Article{contreras2023large,
  author    = {Contreras Kallens, Pablo and Kristensen-McLachlan, Ross Deans and Christiansen, Morten H},
  title     = {Large Language Models Demonstrate the Potential of Statistical Learning in Language},
  journal   = {Cognitive Science},
  year      = {2023},
  volume    = {47},
  number    = {3},
  pages     = {e13256},
  publisher = {Wiley Online Library},
}

@Article{d2012role,
  author    = {D’Ausilio, Alessandro and Bufalari, Ilaria and Salmas, Paola and Fadiga, Luciano},
  title     = {The role of the motor system in discriminating normal and degraded speech sounds},
  journal   = {Cortex},
  year      = {2012},
  volume    = {48},
  number    = {7},
  pages     = {882--887},
  publisher = {Elsevier},
}

@Book{alexiadou2015external,
  author    = {Alexiadou, Artemis and Anagnostopoulou, Elena and Schäfer, Florian},
  title     = {External Arguments in Transitivity Alternations. A Layering Approach},
  year      = {2015},
  publisher = {Oxford University Press},
}

@Article{everett2012does,
  author    = {Everett, Daniel L},
  title     = {What does Pirah{\~a} grammar have to teach us about human language and the mind?},
  journal   = {Wiley Interdisciplinary Reviews: Cognitive Science},
  year      = {2012},
  volume    = {3},
  number    = {6},
  pages     = {555--563},
  publisher = {Wiley Online Library},
}

@Article{lecun2015deep,
  author    = {LeCun, Yann and Bengio, Yoshua and Hinton, Geoffrey},
  title     = {Deep learning},
  journal   = {Nature},
  year      = {2015},
  volume    = {521},
  number    = {7553},
  pages     = {436--444},
  publisher = {Nature Publishing Group UK London},
}

@Article{pearl2022poverty,
  author    = {Pearl, Lisa},
  title     = {Poverty of the stimulus without tears},
  journal   = {{Language Learning and Development}},
  year      = {2022},
  volume    = {18},
  number    = {4},
  pages     = {415--454},
  publisher = {Taylor \& Francis},
}

@Article{everett1984relevance,
  author    = {Everett, Daniel L. and Everett, Keren},
  title     = {On the relevance of syllable onsets to stress placement},
  journal   = {Linguistic Inquiry},
  year      = {1984},
  volume    = {15},
  number    = {4},
  pages     = {705--711},
  publisher = {JSTOR},
}

@Article{block1986advertisement,
  author  = {Block, Ned},
  title   = {{Advertisement for a Semantics for Psychology}},
  journal = {{Midwest Studies in Philosophy}},
  year    = {1986},
  volume  = {10},
  pages   = {615--678},
}

@InCollection{lapolla2023grammatical,
  author    = {LaPolla, Randy J.},
  title     = {Grammatical Relations},
  booktitle = {The Cambridge Handbook of Role and Reference Grammar},
  year      = {2023},
  publisher = {Cambridge: Cambridge University Press},
  pages     = {269--291},
}

@Article{newell1905passover,
  author  = {Newell, Wiliam Wells},
  title   = {The Passover Song of the Kid and an Equivalent from New England},
  journal = {The Journal of American Folklore},
  year    = {1905},
  volume  = {18},
  number  = {68},
  pages   = {33--48},
}

@Article{Wells:1947,
  author  = {Wells, III, Rulon S.},
  title   = {Immediate constituents},
  journal = {Language},
  year    = {1947},
  volume  = {23},
  pages   = {321--343},
}

@Article{lewis1979attitudes,
  author    = {Lewis, David},
  title     = {Attitudes de dicto and de se},
  journal   = {The philosophical review},
  year      = {1979},
  volume    = {88},
  number    = {4},
  pages     = {513--543},
  publisher = {JSTOR},
}

@Book{hossenfelder2018lost,
  author    = {Hossenfelder, Sabine},
  title     = {{Lost in Math: How Beauty Leads Physics Astray}},
  year      = {2018},
  publisher = {Hachette UK},
}

@Article{de2021universal,
  author    = {De Marneffe, Marie-Catherine and Manning, Christopher D and Nivre, Joakim and Zeman, Daniel},
  title     = {Universal dependencies},
  journal   = {Computational linguistics},
  year      = {2021},
  volume    = {47},
  number    = {2},
  pages     = {255--308},
  publisher = {MIT Press},
}

@Article{yang2022one,
  author    = {Yang, Yuan and Piantadosi, Steven T},
  title     = {One model for the learning of language},
  journal   = {Proceedings of the National Academy of Sciences},
  year      = {2022},
  volume    = {119},
  number    = {5},
  pages     = {e2021865119},
  publisher = {National Acad Sciences},
}

@Article{johnson2004gold,
  author    = {K. Johnson},
  title     = {{Gold's theorem and cognitive science}},
  journal   = {{Philosophy of Science}},
  year      = {2004},
  volume    = {71},
  number    = {4},
  pages     = {571--592},
  issn      = {0031-8248},
  publisher = {JSTOR},
}

@InCollection{gil2006intonation,
  author    = {Gil, David},
  title     = {Intonation and Thematic Roles in Riau Indonesian},
  booktitle = {Topic and Focus, Cross-Linguistic Perspectives on Meaning and Intonation},
  year      = {2006},
  publisher = {Springer, Dordrecht},
  pages     = {41--68},
}

@Article{newport2004learning,
  author    = {Newport, Elissa L and Aslin, Richard N},
  title     = {{Learning at a distance I. Statistical learning of non-adjacent dependencies}},
  journal   = {Cognitive {P}sychology},
  year      = {2004},
  volume    = {48},
  number    = {2},
  pages     = {127--162},
  publisher = {Elsevier},
}

@Book{trudgill2011sociolinguistic,
  author    = {Trudgill, Peter},
  title     = {Sociolinguistic Typology: Social Determinants of Linguistic Complexity},
  year      = {2011},
  publisher = {Oxford University Press, Oxford},
}

@Article{legate2002empirical,
  author    = {Legate, Julie Anne and Yang, Charles D},
  title     = {Empirical re-assessment of stimulus poverty arguments},
  journal   = {{The Linguistic Review}},
  year      = {2002},
  volume    = {19},
  number    = {1-2},
  pages     = {151--162},
  publisher = {De Gruyter Mouton},
}

@Article{gibbonmetalocution1981,
  author  = {Dafydd Gibbon},
  title   = {Metalocutions, structural types and functional variation in {English and German}},
  journal = {Papers and Studies in Contrastive Linguistics},
  year    = {1980},
  volume  = {12},
  pages   = {17--39},
}

@Article{thartcohen73,
  author  = {Johan t'Hart and Antonie Cohen},
  title   = {Intonation by rule: a perceptual quest},
  journal = {Journal of Phonetics},
  year    = {1973},
  volume  = {1},
  pages   = {309--327},
}

@Article{berent2021public,
  author    = {Berent, Iris and Platt, Melanie},
  title     = {Public misconceptions about dyslexia: {T}he role of intuitive psychology},
  journal   = {Plos one},
  year      = {2021},
  volume    = {16},
  number    = {12},
  pages     = {e0259019},
  publisher = {Public Library of Science San Francisco, CA USA},
}

@Article{grand2022semantic,
  author    = {Grand, Gabriel and Blank, Idan Asher and Pereira, Francisco and Fedorenko, Evelina},
  title     = {Semantic projection recovers rich human knowledge of multiple object features from word embeddings},
  journal   = {{Nature Human Behaviour}},
  year      = {2022},
  volume    = {6},
  number    = {7},
  pages     = {975--987},
  publisher = {Nature Publishing Group UK London},
}

@Article{strubell2019energy,
  author  = {Strubell, Emma and Ganesh, Ananya and McCallum, Andrew},
  title   = {Energy and policy considerations for deep learning in {NLP}},
  journal = {arXiv preprint arXiv:1906.02243},
  year    = {2019},
}

@Article{givon1979understanding,
  author    = {Giv{\'o}n, Talmy},
  title     = {On understanding grammar},
  journal   = {On Understanding Grammar},
  year      = {1979},
  pages     = {1--321},
  publisher = {New York: Academic Press},
}

@Book{AmMaNeRo18,
  title     = {Recursion Across Domains},
  year      = {2018},
  editor    = {Amaral, Luiz and Maia, Marcus and Nevins, Andrew and Roeper, Tom},
  publisher = {Cambridge University Press},
  address   = {Cambridge, UK},
  booktitle = {Recursion Across Domains},
}

@Article{WidmerEtAl17,
  author  = {Widmer, Manuel and Sandra Auderset and Johanna Nichols and Paul Widmer and Balthasar Bickel},
  title   = {{NP} Recursion Over Time: Evidence from {Indo}-{European}},
  journal = {Language},
  year    = {2017},
  volume  = {93},
  number  = {4},
  pages   = {799--826},
}

@InCollection{Partee:1979,
  author    = {Barbara H. Partee},
  title     = {Semantics - mathematics or psychology?},
  booktitle = {Semantics from Different Points of View},
  year      = {1979},
  editor    = {R. B\"auerl and U. Egli and A. von Stechow},
  publisher = {Springer-Verlag},
  pages     = {1--14},
  address   = {Berlin},
}

@InProceedings{maas2011learning,
  author    = {Maas, Andrew and Daly, Raymond E and Pham, Peter T and Huang, Dan and Ng, Andrew Y and Potts, Christopher},
  title     = {Learning word vectors for sentiment analysis},
  booktitle = {{Proceedings of the 49th Annual Meeting of the Association for Computational Linguistics: Human Language Technologies}},
  year      = {2011},
  pages     = {142--150},
}

@Article{warstadt2023call,
  author  = {Warstadt, Alex and Choshen, Leshem and Mueller, Aaron and Williams, Adina and Wilcox, Ethan and Zhuang, Chengxu},
  title   = {{Call for Papers--The BabyLM Challenge: Sample-efficient pretraining on a developmentally plausible corpus}},
  journal = {arXiv preprint arXiv:2301.11796},
  year    = {2023},
}

@Article{Sakel12,
  author  = {Sakel, Jeanette},
  title   = {Acquiring Complexity: The {Portuguese} of some {Pirah{\~a}} Men},
  journal = {Linguistic Discovery},
  year    = {2012},
  volume  = {10},
  number  = {1},
  pages   = {75--88},
}

@Misc{blench2015,
  author = {Roger Blench},
  title  = {The {Ega} language of {Côte d'Ivoire}: {E}tymologies and implications for classification},
  year   = {2015},
  note   = {Accessed: 2022-10-12},
  url    = {https://www.academia.edu/33800011/The_Ega_language_of_Cote_dIvoire_how_can_it_be_classified},
}

@Article{atkinson2011phonemic,
  author  = {Atkinson, Quentin D.},
  title   = {Phonemic diversity supports a serial founder effect model of language expansion from Africa},
  journal = {Science},
  year    = {2011},
  volume  = {332},
  pages   = {346--349},
  doi     = {10.1038/nature09923},
}

@Article{matras2007investigating,
  author    = {Matras, Yaron and Sakel, Jeanette},
  title     = {Investigating the mechanisms of pattern replication in language convergence},
  journal   = {Studies in Language},
  year      = {2007},
  volume    = {31},
  number    = {4},
  pages     = {829--865},
  publisher = {John Benjamins},
}

@Article{shannon1948mathematical,
  author    = {Shannon, Claude E.},
  title     = {A Mathematical Theory of Communication},
  journal   = {Bell System Technical Journal},
  year      = {1948},
  volume    = {27},
  number    = {3},
  pages     = {379--423},
  publisher = {Wiley Online Library},
}

@Misc{blench2017,
  author = {Roger Blench},
  title  = {The {Ega} language of the {Ivory Coast}},
  year   = {2017},
  note   = {Accessed: 2022-10-12},
  url    = {https://www.academia.edu/33800011/The_Ega_language_of_Cote_dIvoire_how_can_it_be_classified},
}

@Misc{rossinigibbon2011,
  author = {Nicla Rossini and Dafydd Gibbon},
  title  = {Why gesture without speech but not talk without gesture?},
  year   = {2011},
  note   = {Presented at the Gesture and Speech Interaction Conference (GESPIN 2011)},
  url    = {http://wwwhomes.uni-bielefeld.de/gibbon/ Dafydd_Gibbon_Publication_PDFs/ 2011_Rossini_Gibbon_Why_gesture_without_speech_but_not_talk_Proc_GESPIN.pdf},
}

@Article{saffran1996statistical,
  author    = {Saffran, J.R. and Aslin, R.N. and Newport, E.L.},
  title     = {Statistical learning by 8-month-old infants},
  journal   = {Science},
  year      = {1996},
  volume    = {274},
  number    = {5294},
  pages     = {1926},
  publisher = {American Association for the Advancement of Science},
}

@InProceedings{ergin2020community,
  author       = {Ergin, Rabia and Raviv, Limor and Senghas, Ann and Padden, Carol and Sandler, Wendy},
  title        = {Community Structure Affects Convergence on Uniform Word Orders: Evidence from Emerging Sign Languages},
  booktitle    = {The Evolution of Language: Proceedings of the 13th International Conference (Evolang13)},
  year         = {2020},
  organization = {Nijmegen},
  pages        = {84--86},
}

@Article{lake2017building,
  author    = {Lake, Brenden M and Ullman, Tomer D and Tenenbaum, Joshua B and Gershman, Samuel J},
  title     = {Building machines that learn and think like people},
  journal   = {Behavioral and brain sciences},
  year      = {2017},
  volume    = {40},
  pages     = {e253},
  publisher = {Cambridge University Press},
}

@Book{bibolotti1917moseteno,
  author    = {Bibolotti, Benigno and Michelson, Truman},
  title     = {Moseteno vocabulary and treatises},
  year      = {1917},
  publisher = {Northwestern University},
}

@Book{everett2017language,
  author    = {Everett, Daniel},
  title     = {How language began: The story of humanity’s greatest invention},
  year      = {2017},
  publisher = {Profile Books},
}

@Article{Everett05,
  author  = {Everett, Daniel L.},
  title   = {Cultural Constraints on Grammar and Cognition in {Pirah{\~a}}: Another Look at the Design Features of Human Language},
  journal = {Current Anthropology},
  year    = {2005},
  volume  = {46},
  number  = {4},
  pages   = {621--646},
}

@Book{haspelmath2005atlas,
  title     = {The World Atlas of Language Structures},
  year      = {2005},
  editor    = {Haspelmath, Martin and Dryer, Matthew and Gil, David and Comrie, Bernard},
  publisher = {Oxford University Press},
}

@Misc{Everett07,
  author       = {Everett, Daniel L.},
  title        = {Cultural Constraints on Grammar in {Pirah{\~a}}: A Reply to {Nevins}, {Pesetsky}, and {Rodrigues} (2007)},
  year         = {2007},
  howpublished = {Draft version on LingBuzz archive, online at {\small\url{http://ling.auf.net/lingBuzz/000427}}},
}

@Article{sakel2007language,
  author    = {Sakel, Jeanette},
  title     = {Language contact between {S}panish and {M}oset{\'e}n: A study of grammatical integration},
  journal   = {International Journal of Bilingualism},
  year      = {2007},
  volume    = {11},
  number    = {1},
  pages     = {25--53},
  publisher = {SAGE Publications Sage UK: London, England},
}

@Book{Everett08,
  author    = {Everett, Daniel L.},
  title     = {Don't Sleep, There Are Snakes: Life and Language in the Amazonian Jungle},
  year      = {2008},
  publisher = {Pantheon},
  address   = {New York},
}

@Article{Everett09,
  author  = {Everett, Daniel L.},
  title   = {Pirah{\~a} Culture and Grammar: A Response to Some Criticisms},
  journal = {Language},
  year    = {2009},
  volume  = {85},
  number  = {2},
  pages   = {405--442},
}

@InCollection{Goddard:2002,
  author    = {Cliff Goddard},
  title     = {The search for the shared semantic core of all languages},
  booktitle = {Mean\-ing and Universal Grammar -- Theory and Empirical Findings},
  year      = {2002},
  editor    = {Cliff Goddard and Anna Wierzbicka},
  volume    = {1},
  publisher = {Benjamins},
  pages     = {5--40},
}

@Book{deutscher2000syntactic,
  author    = {Deutscher, Guy},
  title     = {Syntactic change in Akkadian: the evolution of sentential complementation},
  year      = {2000},
  publisher = {Oxford University Press},
}

@InCollection{koehn1986apalai,
  author    = {Koehn, Ed and Koehn, Sally},
  title     = {Apalai},
  booktitle = {Handbook of Amazonian Languages},
  year      = {1986},
  volume    = {1},
  publisher = {"Mouton de Gruyter"},
  pages     = {"33–127"},
}

@Article{warstadt2020can,
  author  = {Warstadt, Alex and Bowman, Samuel R},
  title   = {Can neural networks acquire a structural bias from raw linguistic data?},
  journal = {arXiv preprint arXiv:2007.06761},
  year    = {2020},
}

@Book{Langacker68,
  author    = {Langacker, Ronald W.},
  title     = {Language and Its Structure},
  year      = {1968},
  publisher = {Harcourt Brace Jovanovich},
  address   = {New York},
}

@InCollection{vanvalin1996case,
  author    = {Van Valin Jr., Robert and Wilkins, David P.},
  title     = {The case for ‘effector’: Case roles, agents, and agency revisited},
  booktitle = {Grammatical constructions},
  year      = {1996},
  editor    = {Shibatani, Masayoshi and Thompson, Sandra},
  publisher = {Clarendon Press},
  pages     = {289--322},
  address   = {Oxford},
}

@Article{Kornai14,
  author  = {Kornai, Andr{\'a}s},
  title   = {Resolving the Infinitude Controversy},
  journal = {Journal of Logic, Language and Information},
  year    = {2014},
  volume  = {23},
  number  = {4},
  pages   = {481--492},
}

@Article{maddieson1989updating,
  author    = {Maddieson, Ian and Precoda, Kristin},
  title     = {Updating upsid},
  journal   = {The Journal of the Acoustical Society of America},
  year      = {1989},
  volume    = {86},
  number    = {S1},
  pages     = {S19--S19},
  publisher = {Acoustical Society of America},
}

@Book{pinker2013secret,
  author    = {Pinker, Stephen},
  title     = {The Secret Life of Verbs: A Preface to the New Edition},
  year      = {2013},
  publisher = {The MIT Press},
  address   = {Cambridge, MA},
}

@InProceedings{Mikolov:2013l,
  author    = {Mikolov, Tomas and Yih, Wen-tau and Zweig, Geoffrey},
  title     = {Linguistic Regularities in Continuous Space Word Representations},
  booktitle = {{Proceedings of the 2013 Conference of the North American Chapter of the Association for Computational Linguistics: Human Language Technologies (NAACL-HLT 2013)}},
  year      = {2013},
  publisher = {Association for Computational Linguistics},
  pages     = {746--751},
  address   = {Atlanta, Georgia},
}

@Article{solomonoff1964formal,
  author    = {Solomonoff, Ray J.},
  title     = {A formal theory of inductive inference. {Part I}},
  journal   = {Information and Control},
  year      = {1964},
  volume    = {7},
  number    = {1},
  pages     = {1--22},
  publisher = {Elsevier},
}

@Book{rogers2004semantic,
  author    = {Rogers, T.T. and McClelland, J.L.},
  title     = {Semantic cognition: A parallel distributed processing approach},
  year      = {2004},
  publisher = {MIT Press},
  address   = {Cambridge, MA},
}

@Article{Lobina14,
  author  = {Lobina, David J.},
  title   = {What linguists are talking about when talking about\ldots},
  journal = {Language Sciences},
  year    = {2014},
  volume  = {45},
  pages   = {56--70},
}

@Article{kocijan2020review,
  author  = {Kocijan, Vid and Lukasiewicz, Thomas and Davis, Ernest and Marcus, Gary and Morgenstern, Leora},
  title   = {{A review of Winograd Schema Challenge datasets and approaches}},
  journal = {arXiv preprint arXiv:2004.13831},
  year    = {2020},
}

@Article{chen2023linguistic,
  author  = {Chen, Sihan and Gil, David and Gaponov, Sergey and Reifegeste, Jana and Yuditha, Tessa and Tatarinova, Tatiana and Progovac, Ljiljana and Benitez-Burraco, Antonio},
  title   = {Linguistic and Memory Correlates of Societal Variation, A Quantitative Analysis},
  journal = {PsyArXiv Preprints},
  year    = {2023},
  doi     = {10.31234/osf.io/bnz2s},
}

@Article{chomsky1969quine,
  author  = {Chomsky, Noam},
  title   = {Quine’s empirical assumptions},
  journal = {Synthese},
  year    = {1969},
  volume  = {19},
  number  = {1},
  pages   = {53--68},
}

@Article{murty2022characterizing,
  author  = {Murty, Shikhar and Sharma, Pratyusha and Andreas, Jacob and Manning, Christopher D},
  title   = {Characterizing Intrinsic Compositionality In Transformers With Tree Projections},
  journal = {arXiv preprint arXiv:2211.01288},
  year    = {2022},
}

@InCollection{bates1982functionalist,
  author    = {Bates, Elizabeth and MacWhinney, Brian},
  title     = {Functionalist approaches to grammar},
  booktitle = {{Language Acquisition: The State of the Art}},
  year      = {1982},
  publisher = {Cambridge},
  pages     = {173--218},
}

@Book{selkirk1984,
  author    = {Elisabeth O'Brian Selkirk},
  title     = {{Phonology and Syntax. The Relation between Sound and Structure}},
  year      = {1984},
  publisher = {MIT Press},
  address   = {Cambridge MASS},
}

@Article{futrell2019neural,
  author  = {Futrell, Richard and Wilcox, Ethan and Morita, Takashi and Qian, Peng and Ballesteros, Miguel and Levy, Roger},
  title   = {Neural language models as psycholinguistic subjects: Representations of syntactic state},
  journal = {arXiv preprint arXiv:1903.03260},
  year    = {2019},
}

@Article{moore1903refutation,
  author    = {Moore, George Edward},
  title     = {The refutation of idealism},
  journal   = {Mind},
  year      = {1903},
  volume    = {12},
  number    = {48},
  pages     = {433--453},
  publisher = {JSTOR},
}

@Book{englebretson2003searching,
  author    = {Englebretson, Robert},
  title     = {Searching for structure: the problem of complementation in colloquial Indonesian conversation},
  year      = {2003},
  publisher = {John Benjamins},
}

@InProceedings{gulordava2018colorless,
  author    = {Kristina Gulordava and Piotr Bojanowski and Edouard Grave and Tal Linzen and Marco Baroni},
  title     = {Colorless green recurrent networks dream hierarchically},
  booktitle = {Proceedings of NAACL},
  year      = {2018},
  journal   = {arXiv preprint arXiv:1803.11138},
}

@Book{mcwhorter2005defining,
  author    = {McWhorter, John H.},
  title     = {Defining Creole},
  year      = {2005},
  publisher = {Oxford University Press},
}

@Article{lake2021word,
  author    = {Lake, Brenden M and Murphy, Gregory L},
  title     = {Word meaning in minds and machines.},
  journal   = {{Psychological Review}},
  year      = {2021},
  volume    = {130},
  issue     = {2},
  pages     = {401--431},
  publisher = {{American Psychological Association}},
}

@PhdThesis{manente2008laspect,
  author = {Manente, Mara},
  title  = {L’aspect, les auxiliaires ‘être’ et ‘avoir’ et l’hypothèse inaccusative dans une perspective comparative français/italien},
  year   = {2008},
  school = {Università Ca’ Foscari di Venezia},
}

@Book{berent2013phonologicala,
  author    = {Berent, Iris},
  title     = {The phonological mind},
  year      = {2013},
  publisher = {Cambridge: Cambridge University Press},
}

@Article{ahmed2023growing,
  author    = {Ahmed, Nur and Wahed, Muntasir and Thompson, Neil C},
  title     = {The growing influence of industry in {AI} research},
  journal   = {Science},
  year      = {2023},
  volume    = {379},
  number    = {6635},
  pages     = {884--886},
  publisher = {American Association for the Advancement of Science},
}

@Article{berent2013phonologicalb,
  author    = {Berent, Iris},
  title     = {The phonological mind},
  journal   = {Trends in Cognitive Sciences},
  year      = {2013},
  volume    = {17},
  number    = {7},
  pages     = {319--327},
  publisher = {Elsevier},
}

@Article{nowak1999evolution,
  author    = {Martin A. Nowak and David C. Krakauer},
  title     = {The evolution of language},
  journal   = {Proceedings of the National Academy of Sciences},
  year      = {1999},
  volume    = {96},
  number    = {14},
  pages     = {8028--8033},
  publisher = {National Acadademy of Sciences},
}

@Article{rogers2021primer,
  author    = {Rogers, Anna and Kovaleva, Olga and Rumshisky, Anna},
  title     = {{A primer in BERTology: What we know about how BERT works}},
  journal   = {{Transactions of the Association for Computational Linguistics}},
  year      = {2021},
  volume    = {8},
  pages     = {842--866},
  publisher = {{MIT Press}},
}

@Article{libermanprince1977,
  author  = {Mark Liberman and Alan Prince},
  title   = {On stress and linguistic rhythm},
  journal = {Linguistic Inquiry},
  year    = {1977},
  volume  = {8},
  number  = {2},
  pages   = {249--336},
}

@Book{archangeli1994grounded,
  author    = {Archangeli, Diana B. and Pulleyblank, Douglas G.},
  title     = {Grounded phonology},
  year      = {1994},
  publisher = {Cambridge, MA: MIT Press},
}

@InCollection{takens1981detecting,
  author    = {Takens, Floris},
  title     = {Detecting strange attractors in turbulence},
  booktitle = {{Dynamical Systems and Turbulence}},
  year      = {1981},
  publisher = {Springer},
  pages     = {366--381},
}

@Article{elman2004alternative,
  author    = {Elman, Jeffrey L},
  title     = {An alternative view of the mental lexicon},
  journal   = {{Trends in Cognitive Sciences}},
  year      = {2004},
  volume    = {8},
  number    = {7},
  pages     = {301--306},
  publisher = {Elsevier},
}

@Article{boersma2018praat,
  author  = {Boersma, Paul and Weenink, David},
  title   = {Praat: doing phonetics by computer [Computer program]. Version 6.0. 37},
  journal = {Retrieved February},
  year    = {2018},
  volume  = {3},
  pages   = {2018},
}

@Article{everett2001monolingual,
  author    = {Everett, Daniel L},
  title     = {Monolingual field research},
  journal   = {Linguistic fieldwork},
  year      = {2001},
  pages     = {166--188},
  publisher = {Cambridge University Press Cambridge},
}

@Article{bruderer2015sensorimotor,
  author    = {Bruderer, Alison G. and Danielson, Kyle D. and Kandhadai, Padmapriya and Werker, Janet F.},
  title     = {Sensorimotor influences on speech perception in infancy},
  journal   = {Proceedings of the National Academy of Sciences},
  year      = {2015},
  volume    = {112},
  number    = {44},
  pages     = {13531--13536},
  publisher = {National Acad Sciences},
}

@InCollection{rumelhart1986learning,
  author    = {Rumelhart, David E and McClelland, James L},
  title     = {On learning the past tenses of {E}nglish verbs},
  booktitle = {{Parallel Distributed Processing, volume 2}},
  year      = {1986},
  publisher = {MIT Press},
  eds       = {Rumelhart, David E and McClelland, James L},
}

@Article{siskind1996computational,
  author  = {J.M. Siskind},
  title   = {{A Computational Study of Cross-Situational Techniques for Learning Word-to-Meaning Mappings}},
  journal = {{Cognition}},
  year    = {1996},
  volume  = {61},
  issue   = {1--2},
  pages   = {31--91},
}

@Online{milway2023response,
  author = {Daniel Milway},
  title  = {A response to {P}iantadosi (2023)},
  year   = {2023},
  url    = {https://lingbuzz.net/lingbuzz/007264},
}

@Book{mcclelland1986parallel,
  author    = {McClelland, James L and Rumelhart, David E and PDP Research Group},
  title     = {{Parallel Distributed Processing}},
  year      = {1986},
  publisher = {{MIT Press}},
}

@Book{berent2020blind,
  author    = {Berent, Iris},
  title     = {The blind storyteller: {H}ow we reason about human nature},
  year      = {2020},
  publisher = {Oxford: Oxford University Press},
}

@Article{kirby2014iterated,
  author    = {Simon Kirby and Tom Griffiths and Kenny Smith},
  title     = {Iterated learning and the evolution of language},
  journal   = {Current Opinion in Neurobiology},
  year      = {2014},
  volume    = {28C},
  pages     = {108--114},
  publisher = {Elsevier},
}

@Article{DobrSchw21,
  author  = {Dobrin, Lise and Saul Schwartz},
  title   = {The Social Lives of Linguistic Legacy Materials},
  journal = {Language Documentation and Description},
  volume  = {21},
  pages   = {1--36},
  doi     = {https://doi.org/10.25894/ldd12},
}

@InProceedings{Sutskever:2014,
  author    = {Ilya Sutskever and Oriol Vinyals and Quoc V. Le},
  title     = {Sequence to Sequence Learning with Neural Networks},
  booktitle = {Proc. NIPS},
  year      = {2014},
  pages     = {3104--3112},
  url       = {http://arxiv.org/abs/1409.3215},
  address   = {Montreal, CA},
}

@Article{saffran1996word,
  author    = {Saffran, J.R. and Newport, E.L. and Aslin, R.N.},
  title     = {Word segmentation: The role of distributional cues},
  journal   = {Journal of Memory and Language},
  year      = {1996},
  volume    = {35},
  number    = {4},
  pages     = {606--621},
  publisher = {ACADEMIC PRESS INC},
}

@Book{godfrey2009theory,
  author    = {Godfrey-Smith, Peter},
  title     = {{Theory and Reality: {A}n Introduction to the Philosophy of Science}},
  year      = {2009},
  publisher = {University of Chicago Press},
}

@Article{laurence2001poverty,
  author    = {Laurence, Stephen and Margolis, Eric},
  title     = {The Poverty of the Stimulus Argument},
  journal   = {{The British Journal for the Philosophy of Science}},
  year      = {2001},
  volume    = {52},
  number    = {2},
  pages     = {217--276},
  publisher = {Oxford University Press},
}

@Article{gibson2019efficiency,
  author    = {Gibson, Edward and Futrell, Richard and Piantadosi, Steven P and Dautriche, Isabelle and Mahowald, Kyle and Bergen, Leon and Levy, Roger},
  title     = {How efficiency shapes human language},
  journal   = {Trends in Cognitive Sciences},
  year      = {2019},
  volume    = {23},
  number    = {5},
  pages     = {389--407},
  publisher = {Elsevier},
}

@InProceedings{hay1999scalar,
  author       = {Hay, Jennifer and Kennedy, Christopher and Levin, Beth},
  title        = {Scalar structure underlies telicity in “Degree Achievements”},
  booktitle    = {Proceedings of SALT IX},
  year         = {1999},
  organization = {Cornell University},
  pages        = {127--144},
}

@Article{wei2022emergent,
  author  = {Wei, Jason and Tay, Yi and Bommasani, Rishi and Raffel, Colin and Zoph, Barret and Borgeaud, Sebastian and Yogatama, Dani and Bosma, Maarten and Zhou, Denny and Metzler, Donald and others},
  title   = {Emergent abilities of large language models},
  journal = {arXiv preprint arXiv:2206.07682},
  year    = {2022},
}

@Article{berent2021essentialist,
  author    = {Berent, Iris and Platt, Melanie},
  title     = {Essentialist biases toward psychiatric disorders: {B}rain disorders are presumed innate},
  journal   = {Cognitive Science},
  year      = {2021},
  volume    = {45},
  number    = {4},
  pages     = {e12970},
  publisher = {Wiley Online Library},
}

@Article{rossi2021safety,
  author    = {Rossi, Simone and Antal, Andrea and Bestmann, Sven and Bikson, Marom and Brewer, Carmen and Brockm{\"o}ller, J{\"u}rgen and Carpenter, Linda L. and Cincotta, Massimo and Chen, Robert and Daskalakis, Jeff D. and others},
  title     = {Safety and recommendations for TMS use in healthy subjects and patient populations, with updates on training, ethical and regulatory issues: {E}xpert guidelines},
  journal   = {Clinical Neurophysiology},
  year      = {2021},
  volume    = {132},
  number    = {1},
  pages     = {269--306},
  publisher = {Elsevier},
}

@Article{LeCun:2015,
  author  = {Yann LeCun and Yoshua Bengio and Geoffrey Hinton},
  title   = {Deep learning},
  journal = {Nature},
  year    = {2015},
  volume  = {521},
  pages   = {436–-444},
}

@Article{hahn2020universals,
  author    = {Michael Hahn and Daniel Jurafsky and Richard Futrell},
  title     = {Universals of word order reflect optimization of grammars for efficient communication},
  journal   = {Proceedings of the National Academy of Sciences},
  year      = {2020},
  volume    = {117},
  number    = {5},
  pages     = {2347--2353},
  publisher = {National Acad Sciences},
}

@PhdThesis{winckel2021french,
  author = {Winckel, Elodie},
  title  = {{French subject islands: Empirical and formal approaches}},
  year   = {2021},
  school = {Universit{\'e} Paris Cit{\'e}},
}

@InCollection{kiparsky1997remarks,
  author       = {Kiparsky, Paul},
  title        = {Remarks on Denominal Verbs},
  booktitle    = {Complex Predicates},
  year         = {1997},
  pages        = {473--499},
  organization = {Stanford: Centre for the Study of Language and Information},
}

@Book{nordenskiold1924forschungen,
  author    = {Nordenski{\"o}ld, Erland},
  title     = {Forschungen und abenteuer in {S}{\"u}damerika},
  year      = {1924},
  publisher = {Strecker und Schr{\"o}der},
}

@Book{Curry:1958,
  author    = {Haskell B. Curry and Robert Feys},
  title     = {Combinatory Logic {I}},
  year      = {1958},
  publisher = {North-Holland},
  address   = {Amsterdam},
}

@Article{zribi1987reflexivite,
  author  = {Zribi-Hertz, Anne},
  title   = {La réflexivité ergative en français moderne},
  journal = {Le français moderne},
  year    = {1987},
  volume  = {55},
  pages   = {23--54},
}

@Book{collinder1960comparative,
  author    = {Collinder, Björn},
  title     = {Comparative Grammar of the Uralic Languages},
  year      = {1960},
  publisher = {Almqvist \& Wiksell, Stockholm},
}

@Article{meir2012influence,
  author  = {Meir, Irit and Israel, Assaf and Sandler, Wendy and Padden, Carol and Aronoff, Mark},
  title   = {The Influence of Community on Language Structure: Evidence from Two Young Sign Languages},
  journal = {Linguistic Variation},
  year    = {2012},
  volume  = {12},
  number  = {2},
  pages   = {247--291},
}

@InProceedings{gibson2000dependency,
  author    = {Gibson, Edward},
  title     = {The dependency locality theory: A distance-based theory of linguistic complexity},
  booktitle = {Image, language, brain: Papers from the first mind articulation project symposium},
  year      = {2000},
  pages     = {95--126},
}

@Article{beavers2023middle,
  author  = {Beavers, John and Udayana, I. Nyoman},
  title   = {Middle Voice as Generalized Argument Suppression: The Case from Indonesian},
  journal = {Natural Language and Linguistic Theory},
  year    = {2023},
  volume  = {41},
  number  = {1},
  pages   = {51--101},
}

@Article{edelman2007bridging,
  author  = {Edelman, Shimon},
  title   = {Bridging language with the rest of cognition},
  journal = {{Methods in Cognitive Linguistics}},
  year    = {2007},
  pages   = {424--445},
}

@Article{everett2012quantity,
  author    = {Everett, Caleb and Madora, Keren},
  title     = {Quantity recognition among speakers of an anumeric language},
  journal   = {Cognitive Science},
  year      = {2012},
  volume    = {36},
  number    = {1},
  pages     = {130--141},
  publisher = {Wiley Online Library},
}

@InCollection{mattingly1981phonetic,
  author    = {Mattingly, Ignatius G.},
  title     = {Phonetic representation and speech synthesis by rule},
  booktitle = {The Cognitive Representation of Speech},
  year      = {1981},
  editor    = {Myers, Terry and Laver, John and Anderson, John},
  volume    = {7},
  publisher = {Elsevier},
  pages     = {415--420},
}

@InProceedings{barrett2018measuring,
  author       = {Barrett, David and Hill, Felix and Santoro, Adam and Morcos, Ari and Lillicrap, Timothy},
  title        = {Measuring abstract reasoning in neural networks},
  booktitle    = {{International Conference on Machine Learning}},
  year         = {2018},
  organization = {PMLR},
  pages        = {511--520},
}

@Book{sakeleverett2012,
  author    = {Jeanette Sakel and Daniel Leonard Everett},
  title     = {{Linguistic Fieldwork: A Student Guide}},
  year      = {2012},
  publisher = {Cambridge University Press},
  address   = {Cambridge},
}

@Article{liu2022structural,
  author    = {Liu, Yingtong and Winckel, Elodie and Abeill{\'e}, Anne and Hemforth, Barbara and Gibson, Edward},
  title     = {Structural, Functional, and Processing Perspectives on Linguistic Island Effects},
  journal   = {Annual Review of Linguistics},
  year      = {2022},
  volume    = {8},
  pages     = {495--525},
  publisher = {Annual Reviews},
}

@InCollection{karlsson2009bsyntactic,
  author    = {Karlsson, Fred},
  title     = {"Syntactic recursion and iteration"},
  booktitle = {"Recursion and Human Language"},
  year      = {2009},
  publisher = {"Mouton de Gruyter, Berlin"},
  pages     = {43--67},
}

@Article{anderson1972more,
  author    = {Anderson, Philip W},
  title     = {{More is Different: Broken symmetry and the nature of the hierarchical structure of science}},
  journal   = {Science},
  year      = {1972},
  volume    = {177},
  number    = {4047},
  pages     = {393--396},
  publisher = {{American Association for the Advancement of Science}},
}

@Article{mcclelland2020placing,
  author    = {McClelland, James L and Hill, Felix and Rudolph, Maja and Baldridge, Jason and Sch{\"u}tze, Hinrich},
  title     = {Placing language in an integrated understanding system: {N}ext steps toward human-level performance in neural language models},
  journal   = {Proceedings of the National Academy of Sciences},
  year      = {2020},
  volume    = {117},
  number    = {42},
  pages     = {25966--25974},
  publisher = {National Academy of Sciences},
}

@Article{Katz:1963,
  author  = {J. Katz and Jerry A. Fodor},
  title   = {The structure of a semantic theory},
  journal = {Language},
  year    = {1963},
  volume  = {39},
  pages   = {170--210},
}

@Book{gibbon1976,
  author    = {Dafydd Gibbon},
  title     = {Perspectives of Intonation Analysis},
  year      = {1976},
  note      = {Göttinger philosophische Dissertation},
  publisher = {Herbert Lang, Peter Lang},
  address   = {Berne, Frankfurt/M, Munich},
}

@Article{everett2021speech,
  author    = {Everett, Caleb and Chen, Sihan},
  title     = {Speech adapts to differences in dentition within and across populations},
  journal   = {Scientific reports},
  year      = {2021},
  volume    = {11},
  number    = {1},
  pages     = {1--10},
  publisher = {Springer},
}

@Article{tenney2019you,
  author  = {Tenney, Ian and Xia, Patrick and Chen, Berlin and Wang, Alex and Poliak, Adam and McCoy, R Thomas and Kim, Najoung and Van Durme, Benjamin and Bowman, Samuel R and Das, Dipanjan and Pavlick, Ellie},
  title   = {What do you learn from context? {P}robing for sentence structure in contextualized word representations},
  journal = {arXiv preprint arXiv:1905.06316},
  year    = {2019},
}

@Article{tenenbaum2011grow,
  author    = {Tenenbaum, J.B. and Kemp, C. and Griffiths, T.L. and Goodman, N.D.},
  title     = {How to grow a mind: Statistics, structure, and abstraction},
  journal   = {science},
  year      = {2011},
  volume    = {331},
  number    = {6022},
  pages     = {1279--1285},
  publisher = {American Association for the Advancement of Science},
}

@InProceedings{jansche1998,
  author    = {Martin Jansche},
  title     = {A two-level take on {Tianjin} tone},
  booktitle = {{Proceedings of the Third ESSLLI Student Session}},
  year      = {1998},
  editor    = {Ivana Kruijff-Korbayová},
  note      = {Chapter 12},
  pages     = {162--174},
}

@Book{derbyshire1979hixkaryana,
  author    = {Derbyshire, Desmond C.},
  title     = {Hixkaryana},
  year      = {1979},
  series    = {Lingua Descriptive Series},
  number    = {No.1},
  publisher = {North Holland},
}

@Book{bentley2006split,
  author    = {Bentley, Delia},
  title     = {Split intransitivity in Italian},
  year      = {2006},
  publisher = {Mouton de Gruyter},
}

@InProceedings{bowman2015recursive,
  author    = {Bowman, Samuel and Potts, Christopher and Manning, Christopher D},
  title     = {Recursive neural networks can learn logical semantics},
  booktitle = {{Proceedings of the 3rd Workshop on Continuous Vector Space Models and their Compositionality}},
  year      = {2015},
  pages     = {12--21},
}

@Article{Collobert:2011,
  author  = {Collobert, R. and Weston, J. and Bottou, L. and Karlen, M. and Kavukcuoglu, K. and Kuksa, P.},
  title   = {Natural Language Processing (Almost) from Scratch},
  journal = {Journal of Machine Learning Research (JMLR)},
  year    = {2011},
}

@Book{lafauci1988oggetti,
  author    = {La Fauci, Nunzio},
  title     = {Oggetti e soggetti nella formazione della morfosintassi romanza},
  year      = {1988},
  publisher = {Pisa: Giardini},
}

@InCollection{greenberg1978some,
  author    = {Greenberg, Joseph H.},
  title     = {Some generalizations concerning initial and final consonant clusters},
  booktitle = {Universals of Human Language},
  year      = {1978},
  editor    = {Greenberg, Joseph H. and Ferguson, Charles A. and Moravcsik, Edith A.},
  volume    = {2},
  publisher = {Stanford, CA: Stanford University Press},
}

@Book{clark2010linguistic,
  author    = {Clark, Alexander and Lappin, Shalom},
  title     = {{Linguistic Nativism and the Poverty of the Stimulus}},
  year      = {2010},
  publisher = {John Wiley \& Sons},
}

@Book{Jackendoff77,
  author    = {Jackendoff, Ray},
  title     = {$\overline{\text{X}}$ Syntax: A Study of Phrase Structure},
  year      = {1977},
  publisher = {MIT Press},
  address   = {Cambridge, MA},
}

@InCollection{gil2005word,
  author    = {Gil, David},
  title     = {Word order without syntactic categories: How Riau Indonesian does it},
  booktitle = {Verb First: On the Syntax of Verb-Initial Languages},
  year      = {2005},
  editor    = {Andrew Carnie et al.},
  publisher = {John Benjamins Amsterdam},
  pages     = {243--263},
  journal   = {Verb first: On the syntax of verb-initial languages},
}

@Article{kim2020pre,
  author  = {Kim, Taeuk and Choi, Jihun and Edmiston, Daniel and Lee, Sang-goo},
  title   = {Are pre-trained language models aware of phrases? {S}imple but strong baselines for grammar induction},
  journal = {arXiv preprint arXiv:2002.00737},
  year    = {2020},
}

@Article{babyonyshev2001maturation,
  author    = {M. Babyonyshev and J. Ganger and D. Pesetsky and K. Wexler},
  title     = {{The maturation of grammatical principles: Evidence from Russian unaccusatives}},
  journal   = {{Linguistic Inquiry}},
  year      = {2001},
  volume    = {32},
  number    = {1},
  pages     = {1--44},
  address   = {Cambridge, MA},
  publisher = {{MIT Press}},
}

@InCollection{wright2004review,
  author    = {Wright, Richard},
  title     = {A review of perceptual cues and cue robustness},
  booktitle = {Phonetically Based Phonology},
  year      = {2004},
  editor    = {Hayes, Bruce and Kirchner, Robert and Steriade, Donca},
  volume    = {34},
  publisher = {Cambridge: Cambridge University Press},
  pages     = {34--57},
}

@InCollection{legendre2017auxiliaries,
  author    = {Legendre, Géraldine},
  title     = {Auxiliaries},
  booktitle = {Manual of Romance Morphosyntax and Syntax},
  year      = {2017},
  publisher = {Berlin: Mouton de Gruyter},
  pages     = {272--298},
}

@Article{connellahouagibbon2002,
  author  = {Bruce Connell and Firmin Ahoua and Dafydd Gibbon},
  title   = {Illustrations of the {IPA}: {Ega}},
  journal = {Journal of the International Phonetic Association},
  year    = {2002},
  volume  = {32},
  number  = {1},
  pages   = {99--104},
}

@InCollection{legendre2010french,
  author    = {Legendre, Géraldine and Smolenski, Paul},
  title     = {French inchoatives and the Unaccusative Hypothesis},
  booktitle = {HypothesisA/Hypothesis B: Linguistic Explorations in Honour of David M. Perlmutter},
  year      = {2010},
  publisher = {Cambridge, MA: The MIT Press},
  pages     = {229--246},
}

@Book{dixon1972dyirbal,
  author    = {R. M. W. Dixon},
  title     = {The {D}yirbal language of {N}orth {Q}ueensland.},
  year      = {1972},
  publisher = {Cambridge University Press},
  address   = {Cambridge},
}

@Article{yuleparatone1980,
  author  = {George Yule},
  title   = {Speakers’ Topics and Major Paratones},
  journal = {Lingua},
  year    = {1980},
  volume  = {52},
  pages   = {33--47},
}

@Article{nettle2012social,
  author  = {Nettle, Daniel},
  title   = {Social scale and structural complexity in human languages},
  journal = {Philosophical Transactions of the Royal Society B: Biological Sciences},
  year    = {2012},
  volume  = {367},
  number  = {1597},
  pages   = {1829--1836},
}

@Book{Hulst10,
  title     = {Recursion and Human Language},
  year      = {2010},
  editor    = {Hulst, Harry van der},
  publisher = {Mouton de Gruyter},
  address   = {Berlin},
  booktitle = {Recursion and Human Language},
}

@Book{margaret2008mind,
  author    = {Margaret A. Boden},
  title     = {Mind as {M}achine: {A History of Cognitive Science}},
  year      = {2008},
  publisher = {Oxford University Press},
}

@Misc{OlivEver10,
  author       = {Oliveira, Miguel and Daniel Everett},
  year         = {2010},
  howpublished = {LingBuzz archive, paper no.\ 001119, online at \url{https://ling.auf.net/lingbuzz/001119}},
}

@Article{linzen2021syntactic,
  author    = {Linzen, Tal and Baroni, Marco},
  title     = {Syntactic structure from deep learning},
  journal   = {{Annual Review of Linguistics}},
  year      = {2021},
  volume    = {7},
  pages     = {195--212},
  publisher = {Annual Reviews},
}

@Article{van1990functionalism,
  author    = {Van Valin Jr, Robert D},
  title     = {Functionalism, anaphora and syntax},
  journal   = {Studies in Language. International Journal sponsored by the Foundation “Foundations of Language”},
  year      = {1990},
  volume    = {14},
  number    = {1},
  pages     = {169--219},
  publisher = {John Benjamins},
}

@Article{dale2012understanding,
  author    = {Dale, Rick and Lupyan, Gary},
  title     = {Understanding the origins of morphological diversity: {T}he linguistic niche hypothesis},
  journal   = {{Advances in Complex Systems}},
  year      = {2012},
  volume    = {15},
  number    = {03n04},
  pages     = {1150017},
  publisher = {World Scientific},
}

@Book{chomsky1957syntactic,
  author    = {N. Chomsky},
  title     = {{Syntactic Structures}},
  year      = {1957},
  publisher = {The Hague: Mouton},
}

@Article{Pensalfini04,
  author  = {Pensalfini, Rob},
  title   = {Towards a Typology of Configurationality},
  journal = {Natural Language \& Linguistic Theory},
  year    = {2004},
  volume  = {22},
  pages   = {359--408},
}

@InCollection{Acs:2019b,
  author    = {{\'A}cs, Judit and Nemeskey, D{\'a}vid M{\'a}rk and Recski, G{\'a}bor},
  title     = {Building word embeddings from dictionary definitions},
  booktitle = {{K + K = 120: Papers dedicated to L\'aszl\'o K\'alm\'an and Andr\'as Kornai on the occasion of their 60th birthdays}},
  year      = {2019},
  editor    = {Beáta Gyuris, Katalin Mády and Gábor Recski},
  publisher = {Research Institute for Linguistics, Hungarian Academy of Sciences (RIL HAS)},
}

@Book{Aikhenvald12,
  author    = {Aikhenvald, Alexandra Y.},
  title     = {The Languages of the {Amazon}},
  year      = {2012},
  publisher = {Oxford University Press},
  address   = {Oxford},
}

@Article{cennamo1999late,
  author  = {Cennamo, Michela},
  title   = {Late Latin pleonastic reflexives and the Unaccusative Hypothesis},
  journal = {Transactions of the Philological Society},
  year    = {1999},
  volume  = {97},
  number  = {1},
  pages   = {103–150},
}

@Article{beavers2011affectedness,
  author  = {Beavers, John},
  title   = {On affectedness},
  journal = {Natural Language and Linguistics Theory},
  year    = {2011},
  volume  = {29},
  number  = {11},
  pages   = {335–370},
}

@Article{hockett1959animal,
  author    = {Charles F. Hockett},
  title     = {Animal `languages' and human language},
  journal   = {Human Biology},
  year      = {1959},
  volume    = {31},
  number    = {1},
  pages     = {32--39},
  publisher = {JSTOR},
}

@Article{legg2007universal,
  author    = {Legg, Shane and Hutter, Marcus},
  title     = {Universal intelligence: {A} definition of machine intelligence},
  journal   = {{Minds and Machines}},
  year      = {2007},
  volume    = {17},
  pages     = {391--444},
  publisher = {Springer},
}

@Unpublished{hale1979position,
  author = {Hale, Kenneth L.},
  title  = {On the position of Walbiri in a typology of the base},
  year   = {1979},
  note   = {Ms. MIT},
}

@Article{tilsenarvaniti2013,
  author  = {Sam Tilsen and Amalia Arvaniti},
  title   = {Speech rhythm analysis with decomposition of the amplitude envelope: {Characterizing} rhythmic patterns within and across languages},
  journal = {{Journal of the Acoustical Society of America}},
  year    = {2013},
  volume  = {134},
  number  = {1},
  pages   = {628--639},
}

@Book{dutoit2001,
  author    = {Thierry Dutoit},
  title     = {{An Introduction to Text-to-Speech Synthesis}},
  year      = {2001},
  publisher = {Kluwer Academic Publishers},
  address   = {Dordrecht},
}

@Article{gil2012predication,
  author  = {Gil, David},
  title   = {Where Does Predication Come From?},
  journal = {Canadian Journal of Linguistics},
  year    = {2012},
  volume  = {57},
  pages   = {303--333},
}

@Article{mccauley2019language,
  author    = {McCauley, Stewart M and Christiansen, Morten H},
  title     = {Language learning as language use: {A} cross-linguistic model of child language development.},
  journal   = {Psychological {R}eview},
  year      = {2019},
  volume    = {126},
  number    = {1},
  pages     = {1--51},
  publisher = {American Psychological Association},
}

@Article{geiping2022cramming,
  author  = {Geiping, Jonas and Goldstein, Tom},
  title   = {Cramming: {T}raining a Language Model on a Single {GPU} in One Day},
  journal = {arXiv preprint arXiv:2212.14034},
  year    = {2022},
}

@Article{schmidt2009distilling,
  author    = {Schmidt, Michael and Lipson, Hod},
  title     = {Distilling free-form natural laws from experimental data},
  journal   = {Science},
  year      = {2009},
  volume    = {324},
  number    = {5923},
  pages     = {81--85},
  publisher = {{American Association for the Advancement of Science}},
}

@InCollection{Pullum77,
  author    = {Pullum, Geoffrey K.},
  title     = {Word Order Universals and Grammatical Relations},
  booktitle = {Syntax and Semantics, Volume 8: Grammatical Relations},
  year      = {1977},
  editor    = {Peter Cole and Jerrold M. Sadock},
  publisher = {Academic Press},
  pages     = {249--277},
  address   = {New York},
}

@Article{hays1964dependency,
  author    = {Hays, David G.},
  title     = {Dependency theory: A formalism and some observations},
  journal   = {Language},
  year      = {1964},
  volume    = {40},
  number    = {4},
  pages     = {511--525},
  publisher = {Linguistic Society of America},
}

@Article{hay2007phoneme,
  author  = {Hay, Jennifer and Bauer, Laurie},
  title   = {Phoneme Inventory Size and Population Size},
  journal = {Language},
  year    = {2007},
  volume  = {83},
  pages   = {388--400},
}

@Article{Derbyshire77,
  author  = {Derbyshire, Desmond C.},
  title   = {Word Order Universals and the Existence of {OVS} Languages},
  journal = {Linguistic Inquiry},
  year    = {1977},
  volume  = {8},
  pages   = {590--599},
}

@Article{eldan2023tinystories,
  author  = {Eldan, Ronen and Li, Yuanzhi},
  title   = {{TinyStories}: {H}ow Small Can Language Models Be and Still Speak Coherent {E}nglish?},
  journal = {arXiv preprint arXiv:2305.07759},
  year    = {2023},
}

@Article{EvanLevi09,
  author  = {Evans, Nicholas and Levinson, Stephen C.},
  title   = {The Myth of Language Universals: Language Diversity and Its Importance for Cognitive Science},
  journal = {Behavioral and Brain Sciences},
  year    = {2009},
  volume  = {32},
  pages   = {429--492},
}

@Book{frankfurt1988importance,
  author    = {Frankfurt, Harry G},
  title     = {The importance of what we care about: Philosophical essays},
  year      = {1988},
  publisher = {Cambridge University Press},
}

@Article{miguel2000operador,
  author  = {De Miguel, Elena and Fernández-Lagunilla, Marina},
  title   = {El operador aspectual ‘se’},
  journal = {Revista española de lingüística},
  year    = {2000},
  volume  = {30},
  number  = {1},
  pages   = {13--44},
}

@InCollection{gibbonfstone1987,
  author    = {Dafydd Gibbon},
  title     = {Finite state processing of tone systems},
  booktitle = {{Proceedings of the Third Conference of the European Association for Computational Linguistics (EACL)}},
  year      = {1987},
  publisher = {European Association for Computational Linguistics},
  pages     = {291--297},
}

@Book{van2005exploring,
  author    = {Van Valin Jr, Robert D},
  title     = {Exploring the syntax-semantics interface},
  year      = {2005},
  publisher = {Cambridge University Press},
}

@Article{papadimitriou2020learning,
  author  = {Papadimitriou, Isabel and Jurafsky, Dan},
  title   = {Learning music helps you read: {U}sing transfer to study linguistic structure in language models},
  journal = {arXiv preprint arXiv:2004.14601},
  year    = {2020},
}

@Article{hill2017representational,
  author    = {Hill, Felix and Cho, Kyunghyun and Jean, S{\'e}bastien and Bengio, Yoshua},
  title     = {The representational geometry of word meanings acquired by neural machine translation models},
  journal   = {Machine Translation},
  year      = {2017},
  volume    = {31},
  pages     = {3--18},
  publisher = {Springer},
}

@Book{vanvalin1997syntax,
  author    = {Van Valin, Robert D and LaPolla, Randy J},
  title     = {Syntax: Structure, meaning, and function},
  year      = {1997},
  publisher = {Cambridge University Press},
  address   = {Cambridge},
}

@Article{roebuck2020internal,
  author    = {Roebuck, Hettie and Lupyan, Gary},
  title     = {The internal representations questionnaire: {M}easuring modes of thinking},
  journal   = {Behavior Research Methods},
  year      = {2020},
  volume    = {52},
  pages     = {2053--2070},
  publisher = {Springer},
}

@Article{tilsenjohnson2008,
  author  = {Sam Tilsen and Keith Johnson},
  title   = {Low-frequency {Fourier} analysis of speech rhythm},
  journal = {Journal of the Acoustical Society of America},
  year    = {2008},
  volume  = {124},
  number  = {2},
  pages   = {34--39},
}

@Article{de2010vowel,
  author  = {de Carvalho, Fernando O},
  title   = {Vowel acoustics in Pirah{\~a}},
  journal = {Revista de Estudos da Linguagem},
  year    = {2010},
  volume  = {18},
  number  = {1},
  pages   = {11--33},
}

@Article{Knuth:1968,
  author  = {Donald E. Knuth},
  title   = {Semantics of context-free languages},
  journal = {Mathematical Systems Theory},
  year    = {1968},
  volume  = {2},
  pages   = {127--145},
}

@Article{elman1990finding,
  author    = {Elman, J.L.},
  title     = {Finding structure in time},
  journal   = {Cognitive science},
  year      = {1990},
  volume    = {14},
  number    = {2},
  pages     = {179--211},
  publisher = {Elsevier},
}

@InProceedings{wangshazam2003,
  author    = {Avery Li-Chun Wang},
  title     = {An Industrial Strength Audio Search Algorithm},
  booktitle = {Proceedings of {ISMIR} 2003, 4th {International Conference on Music Information Retrieval}},
  year      = {2003},
  address   = {Baltimore MA},
}

@Article{pullum2013central,
  author    = {Pullum, Geoffrey K},
  title     = {The central question in comparative syntactic metatheory},
  journal   = {Mind \& Language},
  year      = {2013},
  volume    = {28},
  number    = {4},
  pages     = {492--521},
  publisher = {Wiley Online Library},
}

@Article{Derbyshire61,
  author  = {Derbyshire, Desmond C.},
  title   = {Hishkaryana (Carib) syntax structure II: phrase and sentence},
  journal = {International Journal of American Linguistics},
  year    = {1961},
  volume  = {27},
  pages   = {226--236},
}

@Book{Everett86Mark,
  author    = {Everett, Daniel L.},
  title     = {Baako-Kasi},
  year      = {1986},
  note      = {Pirah{\~a} translation of the Gospel of Mark},
  publisher = {Sociedade Religiosa Edi{\,c}{\~o}es Vida Nova},
  address   = {S\~ao Paulo},
}

@Article{brocher2017full,
  author  = {Brocher, Andreas and Van Valin Jr., Robert D.},
  title   = {About full and underspecified representations of alternations in the lexicon: evidence from sentence reading},
  journal = {Linguistische Berichte},
  year    = {2017},
  volume  = {251},
  pages   = {1–21},
}

@Article{Chomsky56,
  author    = {Chomsky, Noam},
  title     = {Three Models for the Description of Language},
  journal   = {I.R.E.\ Transactions on Information Theory},
  year      = {1956},
  volume    = {IT-2},
  pages     = {113--123},
  booktitle = {I.R.E. Transactions on Information Theory},
  publisher = {Institute of Radio Engineers},
}

@Article{christiansen1999toward,
  author    = {Morten H. Christiansen and Nick Chater},
  title     = {Toward a connectionist model of recursion in human linguistic performance},
  journal   = {Cognitive Science},
  year      = {1999},
  volume    = {23},
  number    = {2},
  pages     = {157--205},
  publisher = {Wiley Online Library},
}

@PhdThesis{gonzales2006construcciones,
  author = {Gonzáles-Vergara, Carlos},
  title  = {Las construcciones no reflexivas con “se”. Una propuesta desde la Gramática del Papel y la Referencia},
  year   = {2006},
  school = {Universidad Complutense de Madrid \& Instituto Universitario de Investigación Ortega y Gasset},
}

@Book{cover1999elements,
  author    = {Cover, Thomas M},
  title     = {Elements of {I}nformation {T}heory},
  year      = {1999},
  publisher = {John Wiley \& Sons},
}

@Article{cuneo2023discourse,
  author    = {Cuneo, Nicole and Goldberg, Adele E},
  title     = {The discourse functions of grammatical constructions explain an enduring syntactic puzzle},
  journal   = {Cognition},
  year      = {2023},
  volume    = {240},
  pages     = {105563},
  publisher = {Elsevier},
}

@InCollection{Voegelin60,
  author    = {Carl F. Voegelin},
  title     = {Subsystem Typology in Linguistics},
  booktitle = {Men and Cultures: Selected Papers of the {Fifth} {International} {Congress} of {Anthropological} and {Ethnological} {Sciences}},
  year      = {1960},
  editor    = {Anthony F.~C. Wallace},
  publisher = {University of Pennsylvania Press},
  pages     = {202--206},
  doi       = {doi:10.9783/9781512819526-034},
  address   = {Philadelphia},
}

@InProceedings{Mithun84,
  author    = {Mithun, Marianne},
  title     = {How to Avoid Subordination},
  booktitle = {Proceedings of the Tenth Annual Meeting of the Berkeley Linguistics Society},
  year      = {1984},
  editor    = {Claudia Brugman and Monica Macaulay and Amy Dahlstrom and Michelle Emanatian and Birch Moonwomon and Catherine O'Connor},
  publisher = {Berkeley Linguistics Society},
  pages     = {493--509},
  address   = {Berkeley CA},
}

@Book{goldin2005resilience,
  author    = {Goldin-Meadow, Susan},
  title     = {The resilience of language: What gesture creation in deaf children can tell us about how all children learn language},
  year      = {2005},
  publisher = {Psychology Press},
}

@Article{gibbonjipa2021,
  author  = {Dafydd Gibbon},
  title   = {The rhythms of rhythm},
  journal = {Journal of the International Phonetic Association, First View},
  year    = {2021},
  pages   = {1--33},
}

@InCollection{lasnik2016argument,
  author    = {Lasnik, Howard and Lidz, Jeffrey},
  title     = {The argument from the poverty of the stimulus},
  booktitle = {{The Oxford Handbook of Universal Grammar}},
  year      = {2016},
  editor    = {Ian Roberts},
}

@Article{newmeyer1991functional,
  author    = {Newmeyer, Frederick J},
  title     = {Functional explanation in linguistics and the origins of language},
  journal   = {{Language \& Communication}},
  year      = {1991},
  volume    = {11},
  number    = {1-2},
  pages     = {3--28},
  publisher = {Elsevier},
}

@InCollection{vanvalin2023principles,
  author    = {Van Valin, Robert D. Jr.},
  title     = {Principles of Role and Reference Grammar},
  booktitle = {The Cambridge Handbook of Role and Reference Grammar},
  year      = {2023},
  editor    = {Bentley, Delia and Mairal-Usón, Ricardo and Nakamura, Wataru and Van Valin Jr., Robert D.},
  publisher = {Cambridge University Press},
  pages     = {17--177},
  address   = {Cambridge},
}

@Article{thompson2016culture,
  author    = {Thompson, Bill and Kirby, Simon and Smith, Kenny},
  title     = {Culture shapes the evolution of cognition},
  journal   = {{Proceedings of the National Academy of Sciences}},
  year      = {2016},
  volume    = {113},
  number    = {16},
  pages     = {4530--4535},
  publisher = {{National Academy of Sciences}},
}

@Book{Cardenosa:2005,
  author    = {Jesús Cardeñosa and Alexander Gelbukh and Edmundo Tovar},
  title     = {Universal Networking Language: Advances in Theory and Applications},
  year      = {2005},
  publisher = {Research on Computing Science, ISSN 1665-9899},
  isbn      = {970-36-0226-6},
}

@InCollection{Chomsky:1993,
  author    = {Noam Chomsky and Howard Lasnik},
  title     = {Principles and Parameters Theory},
  booktitle = {Syntax: An International Handbook of Contemporary Research},
  year      = {1993},
  editor    = {J. Jacobs},
  volume    = {1},
  publisher = {de Gruyter},
  pages     = {505--569},
  address   = {Berlin},
}

@Article{tomasello2000item,
  author    = {Tomasello, Michael},
  title     = {The item-based nature of children’s early syntactic development},
  journal   = {{Trends in Cognitive Sciences}},
  year      = {2000},
  volume    = {4},
  number    = {4},
  pages     = {156--163},
  publisher = {Elsevier},
}

@InCollection{gil2013riau,
  author    = {David Gil},
  title     = {{R}iau {I}ndonesian: {A} language without nouns and verbs},
  booktitle = {Flexible Word Classes},
  year      = {2013},
  editor    = {Jan Rijkhoff and E. van Lier},
  publisher = {Oxford University Press},
  pages     = {89--130},
  address   = {Oxford},
}

@PhdThesis{Baldridge:2002,
  author = {Baldridge, Jason},
  title  = {Lexically Specified Derivational Control in Combinatory Categorial Grammar},
  year   = {2002},
  school = {Univ. of Edinburgh},
}

@InCollection{Montague:1973,
  author    = {Richard Montague},
  title     = {The proper treatment of quantification in ordinary {E}nglish},
  booktitle = {Formal Philosophy},
  year      = {1973},
  editor    = {R. Thomason},
  publisher = {Yale University Press},
  pages     = {247--270},
}

@Article{Pullum91,
  author  = {Pullum, Geoffrey K.},
  title   = {English Nominal Gerund Phrases as Noun Phrases With Verb Phrase Heads},
  journal = {Linguistics},
  year    = {1991},
  volume  = {29},
  pages   = {763--799},
}

@Article{jacob1977evolution,
  author    = {Jacob, Fran{\c{c}}ois},
  title     = {Evolution and tinkering},
  journal   = {Science},
  year      = {1977},
  volume    = {196},
  number    = {4295},
  pages     = {1161--1166},
  publisher = {American Association for the Advancement of Science},
}

@Book{Heijenoort:1967,
  title     = {A Source Book in Mathematical Logic},
  year      = {1967},
  editor    = {Jean van Heijenoort},
  publisher = {Harvard University Press},
}

@Article{perfors2011learnability,
  author    = {A. Perfors and J.B. Tenenbaum and T. Regier},
  title     = {{The learnability of abstract syntactic principles}},
  journal   = {{Cognition}},
  year      = {2011},
  volume    = {118},
  number    = {3},
  issue     = {3},
  pages     = {306--338},
  publisher = {Cognition},
}

@Article{futrell2015large,
  author    = {Futrell, Richard and Mahowald, Kyle and Gibson, Edward},
  title     = {Large-scale evidence of dependency length minimization in 37 languages},
  journal   = {Proceedings of the National Academy of Sciences},
  year      = {2015},
  volume    = {112},
  number    = {33},
  pages     = {10336--10341},
  publisher = {National Acad Sciences},
}

@Article{Heinrichs64,
  author  = {Heinrichs, Arlo},
  title   = {Os fonemas de {Mura-Pirah{\~a}}},
  journal = {Boletim do Museu Paraense Em{\'\i}lio Goeldi},
  year    = {1964},
  volume  = {21},
}

@Book{mcwhorter2018creole,
  author    = {McWhorter, John H.},
  title     = {The Creole Debate},
  year      = {2018},
  publisher = {Cambridge University Press},
}

@Article{Sheldon88,
  author  = {Sheldon, Steven N.},
  title   = {Os sufixos verbais {Mura-Pirah{\~a}}},
  journal = {S{\'e}rie Ling{\"u}{\'\i}stica},
  year    = {1988},
  volume  = {9},
  pages   = {146--175},
}

@Article{vanvalin1990semantic,
  author  = {Van Valin, Robert D. Jr.},
  title   = {Semantic parameters of split intransitivity},
  journal = {Language},
  year    = {1990},
  volume  = {66},
  number  = {2},
  pages   = {221--260},
}

@Article{prince1997optimality,
  author    = {Prince, Alan and Smolensky, Paul},
  title     = {Optimality: {F}rom neural networks to universal grammar},
  journal   = {Science},
  year      = {1997},
  volume    = {275},
  number    = {5306},
  pages     = {1604--1610},
  publisher = {American Association for the Advancement of Science},
}

@InProceedings{martin2014anticausatives,
  author    = {Martin, Fabienne and Schäfer, Florian},
  title     = {Anticausatives compete but do not differ in meaning: a French case study},
  booktitle = {SHS web of conferences. 4e congrès mondial de linguistique française},
  year      = {2014},
  volume    = {8},
  publisher = {EDP Sciences},
  pages     = {2485–2500},
}

@Article{weissweiler2023construction,
  author  = {Weissweiler, Leonie and He, Taiqi and Otani, Naoki and Mortensen, David R and Levin, Lori and Sch{\"u}tze, Hinrich},
  title   = {Construction Grammar Provides Unique Insight into Neural Language Models},
  journal = {arXiv preprint arXiv:2302.02178},
  year    = {2023},
}

@Book{jackendoff1997architecture,
  author    = {Jackendoff, Ray},
  title     = {The architecture of the language faculty},
  year      = {1997},
  number    = {28},
  publisher = {MIT Press},
}

@Article{bentley2023internally,
  author = {Bentley, Delia},
  title  = {Internally caused change as change by inner predisposition: comparative evidence from Romance. Journal of Linguistics, First View},
  year   = {2023},
  doi    = {https://doi.org/10.1017/S0022226723000154},
}

@Article{richards2019deep,
  author    = {Richards, Blake A and Lillicrap, Timothy P and Beaudoin, Philippe and Bengio, Yoshua and Bogacz, Rafal and Christensen, Amelia and Clopath, Claudia and Costa, Rui Ponte and de Berker, Archy and Ganguli, Surya and others},
  title     = {A deep learning framework for neuroscience},
  journal   = {Nature {N}euroscience},
  year      = {2019},
  volume    = {22},
  number    = {11},
  pages     = {1761--1770},
  publisher = {Nature Publishing Group},
}

@Article{Gage:1994,
  author    = {Gage, Philip},
  title     = {A new algorithm for data compression},
  journal   = {The C Users Journal},
  year      = {1994},
  volume    = {12},
  number    = {2},
  pages     = {23--38},
  publisher = {R \& D Publications, Inc.},
}

@Book{everett2016,
  author    = {Daniel L. Everett},
  title     = {{How Language began: The Story of Humanity’s Greatest Invention}},
  year      = {2017},
  publisher = {W. W. Norton},
  address   = {New York},
}

@Book{austin1962,
  author    = {John Langshaw Austin},
  title     = {{How to Do Things with Words}},
  year      = {1962},
  series    = {William James Lectures},
  publisher = {Oxford University Press},
}

@Article{everett2021sounds,
  author    = {Everett, Caleb},
  title     = {The sounds of prehistoric speech},
  journal   = {Philosophical Transactions of the Royal Society B},
  year      = {2021},
  volume    = {376},
  number    = {1824},
  pages     = {20200195},
  publisher = {The Royal Society},
}

@Article{gil2019grammar,
  author  = {Gil, David and Shen, Yeshayahu},
  title   = {How Grammar Introduces Asymmetry into Cognitive Structures: Compositional Semantics, Metaphors and Schematological Hybrids},
  journal = {Frontiers in Psychology - Language Sciences},
  year    = {2019},
  doi     = {10.3389/fpsyg.2019.02275},
}

@Book{kehler2002coherence,
  author    = {Kehler, Andrew},
  title     = {{Coherence, Reference, and the Theory of Grammar}},
  year      = {2002},
  publisher = {{CSLI Publications}},
}

@Book{Lasnik00,
  author    = {Lasnik, Howard},
  title     = {{\em Syntactic Structures} Revisited: Contemporary Lectures on Classic Transformational Theory},
  year      = {2000},
  publisher = {MIT Press},
  address   = {Cambridge, MA},
}

@Book{levin1962,
  author    = {Samuel R. Levin},
  title     = {{Linguistic Structures in Poetry}},
  year      = {1973},
  edition   = {1},
  publisher = {Mouton},
  address   = {The Hague},
}

@InProceedings{galvesetal2002,
  author    = {Antonio Galves and Jesus Garcia and Denise Duarte and Charlotte Galves},
  title     = {Sonority as a Basis for Rhythmic Class Discrimination},
  booktitle = {{Proceedings of the 1st International Speech Prosody Conference}},
  year      = {2002},
}

@Article{noce2020new,
  author    = {Noce, Sergio and Caporaso, Luca and Santini, Monia},
  title     = {A new global dataset of bioclimatic indicators},
  journal   = {Scientific data},
  year      = {2020},
  volume    = {7},
  number    = {1},
  pages     = {398},
  publisher = {Nature Publishing Group UK London},
}

@InCollection{PawlSyde00,
  author    = {Andrew Pawley and Frances Syder},
  title     = {The one clause at a time hypothesis},
  booktitle = {Perspectives on Fluency},
  year      = {2000},
  editor    = {Heidi Riggenbach},
  publisher = {University of Michigan Press},
  pages     = {163--191},
  address   = {Ann Arbor},
}

@InProceedings{bender2020climbing,
  author    = {Bender, Emily M and Koller, Alexander},
  title     = {Climbing towards {NLU}: On meaning, form, and understanding in the age of data},
  booktitle = {Proc. of ACL},
  year      = {2020},
  pages     = {5185--5198},
}

@Article{Chernela23,
  author  = {Chernela, Janet},
  title   = {The Great {Pirah{\~a}} Brouhaha: Linguistic Diversity and Cognitive Universality},
  journal = {Annual Review of Anthropology},
  year    = {2023},
  volume  = {52},
  pages   = {137--149},
}

@Article{wertz2014selective,
  author    = {Wertz, Annie E. and Wynn, Karen},
  title     = {Selective social learning of plant edibility in 6-and 18-month-old infants},
  journal   = {Psychological science},
  year      = {2014},
  volume    = {25},
  number    = {4},
  pages     = {874--882},
  publisher = {Sage},
}

@Article{Bolinger:1965b,
  author  = {Bolinger, Dwight},
  title   = {The atomization of meaning},
  journal = {Language},
  year    = {1965},
  volume  = {41},
  number  = {4},
  pages   = {555--573},
}

@InProceedings{zaslavsky2019semantic,
  author    = {Zaslavsky, Noga and Regier, Terry and Tishby, Naftali and Kemp, Charles},
  title     = {Semantic categories of artifacts and animals reflect efficient coding},
  booktitle = {41st Annual Conference of the {C}ognitive {S}cience {S}ociety},
  year      = {2019},
  journal   = {arXiv preprint arXiv:1905.04562},
}

@Article{fitch2005evolution,
  author    = {Fitch, W. and Hauser, M.D. and Chomsky, N.},
  title     = {The evolution of the language faculty: Clarifications and implications},
  journal   = {Cognition},
  year      = {2005},
  volume    = {97},
  number    = {2},
  pages     = {179--210},
  publisher = {Elsevier},
}

@InCollection{Chomsky70,
  author    = {Chomsky, Noam},
  title     = {Remarks on Nominalization},
  booktitle = {Readings in {English} Transformational Grammar},
  year      = {1970},
  editor    = {Roderick Jacobs and Peter S. Rosenbaum},
  publisher = {Ginn and Co.},
  address   = {Waltham, Massachusetts},
}

@Article{perlmutter1989multiattachment,
  author  = {Perlmutter, David. M.},
  title   = {Multiattachment and the Unaccusative Hypothesis: the perfect auxiliary selection in Italian},
  journal = {Probus},
  year    = {1989},
  volume  = {1},
  number  = {1},
  pages   = {63--119},
}

@Book{goldberg2006constructions,
  author    = {Goldberg, Adele E},
  title     = {Constructions at work},
  year      = {2006},
  publisher = {Oxford University Press},
  address   = {Oxford},
}

@Article{AustBres96,
  author  = {Austin, Peter and Joan Bresnan},
  title   = {Non-Configurationality in {Australian} {Aboriginal} Languages},
  journal = {Natural Language and Linguistic Theory},
  year    = {1996},
  volume  = {14},
  pages   = {215--268},
}

@Book{everett2012language,
  author    = {Everett, Daniel L},
  title     = {Language: The cultural tool},
  year      = {2012},
  publisher = {Vintage},
}

@Article{chomsky1956three,
  author    = {Chomsky, Noam},
  title     = {Three models for the description of language},
  journal   = {IRE Transactions on information theory},
  year      = {1956},
  volume    = {2},
  number    = {3},
  pages     = {113--124},
  publisher = {IEEE},
}

@Article{pustejovsky1991syntax,
  author  = {Pustejovsky, James},
  title   = {The syntax of event structure},
  journal = {Cognition},
  year    = {1991},
  volume  = {41},
  pages   = {47--81},
}

@Article{berent2016double,
  author    = {Berent, Iris and Bat-El, Outi and Brentari, Diane and Dupuis, Amanda and Vaknin-Nusbaum, Vered},
  title     = {The double identity of linguistic doubling},
  journal   = {Proceedings of the National Academy of Sciences},
  year      = {2016},
  volume    = {113},
  number    = {48},
  pages     = {13702--13707},
  publisher = {National Academy of Sciences},
}

@InCollection{burge1998reason,
  author    = {Burge, T},
  title     = {Reason and the {F}irst {P}erson},
  booktitle = {On Knowing Our Own Minds},
  year      = {1998},
  editor    = {Wright, Crispin and Smith, Barry and MacDonald, Cynthia},
  publisher = {Oxford: Oxford University Press},
}

@Article{kanwisher2023using,
  author    = {Kanwisher, Nancy and Khosla, Meenakshi and Dobs, Katharina},
  title     = {Using artificial neural networks to ask ‘why’ questions of minds and brains},
  journal   = {{Trends in Neurosciences}},
  year      = {2023},
  volume    = {46},
  issue     = {3},
  pages     = {240--254},
  publisher = {Elsevier},
}

@Article{kemp2008discovery,
  author    = {C. Kemp and J.B. Tenenbaum},
  title     = {{The discovery of structural form}},
  journal   = {{Proceedings of the National Academy of Sciences}},
  year      = {2008},
  volume    = {105},
  number    = {31},
  pages     = {10687},
  publisher = {National Acad Sciences},
}

@Article{chater2007ideal,
  author    = {N. Chater and P. Vit{\'a}nyi},
  title     = {{Ideal learning of natural language: Positive results about learning from positive evidence}},
  journal   = {{Journal of Mathematical Psychology}},
  year      = {2007},
  volume    = {51},
  number    = {3},
  pages     = {135--163},
  issn      = {0022-2496},
  publisher = {Elsevier},
}

@Book{lewalterluederitz2010,
  title     = {{Herzrhythmusstörungen: Diagnostik und Therapie}},
  year      = {2010},
  editor    = {Thorsten Lewalter and Berndt Lüderitz},
  publisher = {Springer},
  address   = {Berlin},
}

@Article{Dreger11,
  author  = {Dreger, Alice},
  title   = {\textit{Darkness}'s Descent on the {American} {Anthropological} {Association}},
  journal = {Human Nature},
  year    = {2011},
  volume  = {22},
  number  = {3},
  pages   = {225--246},
}

@Article{hoover2022plausibility,
  author  = {Hoover, Jacob Louis and Sonderegger, Morgan and Piantadosi, Steven T and O'Donnell, Timothy J},
  title   = {The Plausibility of Sampling as an Algorithmic Theory of Sentence Processing},
  journal = {{PsyArXiv}},
  year    = {2022},
}

@InProceedings{petersen2022lexical,
  author    = {Petersen, Erika and Potts, Christopher},
  title     = {Lexical Semantics with Large Language Models: {A} Case Study of {E}nglish "break"},
  booktitle = {{Findings of the Association for Computational Linguistics: EACL 2023}},
  year      = {2022},
  pages     = {490--511},
}

@Article{lin2019open,
  author  = {Lin, Yongjie and Tan, Yi Chern and Frank, Robert},
  title   = {{Open Sesame: Getting inside BERT's linguistic knowledge}},
  journal = {arXiv preprint arXiv:1906.01698},
  year    = {2019},
}

@Article{berent2021infants,
  author    = {Berent, Iris and De la Cruz-Pavia, Irene and Brentari, Diane and Gervain, Judit},
  title     = {Infants differentially extract rules from language},
  journal   = {Scientific reports},
  year      = {2021},
  volume    = {11},
  number    = {1},
  pages     = {20001},
  publisher = {Nature Publishing Group UK London},
}

@Article{pullum2020theorizing,
  author  = {Pullum, Geoffrey K},
  title   = {Theorizing about the syntax of human language: a radical alternative to generative formalisms},
  journal = {Cadernos de Lingu{\'\i}stica},
  year    = {2020},
  volume  = {1},
  number  = {1},
  pages   = {1--33},
}

@Article{Montague:1970,
  author  = {Richard Montague},
  title   = {Universal Grammar},
  journal = {Theoria},
  year    = {1970},
  volume  = {36},
  pages   = {373--398},
}

@Book{DerbPull86,
  title     = {Handbook of {Amazonian} Languages, \mbox{Volume~1}},
  year      = {1986},
  editor    = {Derbyshire, Desmond C. and Geoffrey K. Pullum},
  publisher = {Mouton de Gruyter},
  address   = {Berlin},
  booktitle = {Handbook of {Amazonian} Languages, \mbox{Volume~1}},
}

@InCollection{Vaswani:2017,
  author        = {Vaswani, Ashish and Shazeer, Noam and Parmar, Niki and Uszkoreit, Jakob and Jones, Llion and Gomez, Aidan N and Kaiser, \L ukasz and Polosukhin, Illia},
  title         = {Attention is All you Need},
  booktitle     = {Advances in Neural Information Processing Systems 30},
  year          = {2017},
  editor        = {I. Guyon and U. V. Luxburg and S. Bengio and H. Wallach and R. Fergus and S. Vishwanathan and R. Garnett},
  publisher     = {Curran Associates, Inc.},
  pages         = {5998--6008},
  eprint        = {1706.03762},
  url           = {http://papers.nips.cc/paper/7181-attention-is-all-you-need.pdf},
  archiveprefix = {arXiv},
  primaryclass  = {cs.CL},
}

@Article{berent2021true,
  author    = {Berent, Iris and Platt, Melanie},
  title     = {The true “me”—Mind or body?},
  journal   = {Journal of Experimental Social Psychology},
  year      = {2021},
  volume    = {93},
  pages     = {104100},
  publisher = {Elsevier},
}

@PhdThesis{folli2002constructing,
  author = {Folli, Raffaella},
  title  = {Constructing telicity in English and Italian},
  year   = {2002},
  school = {University of Oxford},
}

@Book{grace1987linguistic,
  author    = {Grace, George W.},
  title     = {The Linguistic Construction of Reality},
  year      = {1987},
  publisher = {Croom Helm},
  address   = {London},
}

@Article{koontz2009anticausativization,
  author  = {Koontz-Garboden, Andrew},
  title   = {Anticausativization},
  journal = {Natural Language and Linguistic Theory},
  year    = {2009},
  volume  = {27},
  number  = {1},
  pages   = {77--138},
}

@Book{steedman2001syntactic,
  author    = {Mark Steedman},
  title     = {{The syntactic process}},
  year      = {2001},
  publisher = {{MIT Press}},
  address   = {Cambridge MA},
}

@Book{fodor1975language,
  author    = {J.A. Fodor},
  title     = {{The language of thought}},
  year      = {1975},
  publisher = {Harvard University Press},
  isbn      = {0674510305},
  address   = {Cambridge, MA},
}

@Article{crutchfield1994calculi,
  author    = {Crutchfield, James P},
  title     = {The calculi of emergence: computation, dynamics and induction},
  journal   = {{Physica D: Nonlinear Phenomena}},
  year      = {1994},
  volume    = {75},
  number    = {1-3},
  pages     = {11--54},
  publisher = {Elsevier},
}

@Article{manning2020emergent,
  author    = {Manning, Christopher D and Clark, Kevin and Hewitt, John and Khandelwal, Urvashi and Levy, Omer},
  title     = {Emergent linguistic structure in artificial neural networks trained by self-supervision},
  journal   = {Proceedings of the National Academy of Sciences},
  year      = {2020},
  volume    = {117},
  number    = {48},
  pages     = {30046--30054},
  publisher = {National Acad Sciences},
}

@Article{berent2020essentialist,
  author    = {Berent, Iris and Feldman Barrett, Lisa and Platt, Melanie},
  title     = {Essentialist biases in reasoning about emotions},
  journal   = {Frontiers in Psychology},
  year      = {2020},
  volume    = {11},
  publisher = {Frontiers Media SA},
}

@Article{newport1990maturational,
  author    = {Newport, Elissa L},
  title     = {Maturational Constraints on Language Learning},
  journal   = {{Cognitive Science}},
  year      = {1990},
  volume    = {14},
  number    = {1},
  pages     = {11--28},
  publisher = {Elsevier},
}

@Article{Kornai:1988a,
  author  = {Kornai, Andr\'as},
  title   = {Compositionality, of, word-formation},
  journal = {Acta Linguistica},
  year    = {1988},
  volume  = {38},
  pages   = {118--130},
}

@Article{mahowald2023dissociating,
  author  = {Mahowald, Kyle and Ivanova, Anna A and Blank, Idan A and Kanwisher, Nancy and Tenenbaum, Joshua B and Fedorenko, Evelina},
  title   = {Dissociating language and thought in large language models: a cognitive perspective},
  journal = {arXiv preprint arXiv:2301.06627},
  year    = {2023},
}

@InCollection{adger2018autonomy,
  author    = {Adger, David},
  title     = {The autonomy of syntax},
  booktitle = {{Syntactic Structures after 60 Years}},
  year      = {2018},
  publisher = {De Gruyter Mouton},
  pages     = {153--175},
  eds       = {Norbert Hornstein and Howard Lasnik and Pritty Patel-Grosz and Charles Yang},
}

@Book{van1997syntax,
  author    = {Van Valin Jr, Robert D and LaPolla, Randy J},
  title     = {Syntax: Structure, meaning, and function},
  year      = {1997},
  publisher = {Cambridge University Press},
}

@Book{harris1993linguistics,
  author    = {Harris, Randy Allen},
  title     = {{The Linguistics Wars}},
  year      = {1993},
  publisher = {{Oxford University Press}},
}

@Article{papadimitriou2021deep,
  author  = {Papadimitriou, Isabel and Chi, Ethan A and Futrell, Richard and Mahowald, Kyle},
  title   = {{Deep subjecthood: Higher-order grammatical features in multilingual BERT}},
  journal = {arXiv preprint arXiv:2101.11043},
  year    = {2021},
}

@Article{haspelmath2016universals,
  author  = {Haspelmath, Martin},
  title   = {Universals of causative and anticausative verb formation and the spontaneity scale},
  journal = {Lingua Posnaniensis},
  year    = {2016},
  volume  = {LVIII},
  number  = {2},
  pages   = {33--63},
}

@Article{udrescu2020ai,
  author    = {Udrescu, Silviu-Marian and Tegmark, Max},
  title     = {{AI Feynman: A physics-inspired method for symbolic regression}},
  journal   = {Science {A}dvances},
  year      = {2020},
  volume    = {6},
  number    = {16},
  pages     = {eaay2631},
  publisher = {American Association for the Advancement of Science},
}

@InCollection{karlsson2009aorigin,
  author    = {Karlsson, Fred},
  title     = {"Origin and maintenance of clausal embedding complexity"},
  booktitle = {Language Complexity as an Evolving Variable},
  year      = {2009},
  publisher = {Oxford University Press, Oxford},
  pages     = {192--202},
}

@InCollection{goodman1965new,
  author    = {Goodman, Nelson},
  title     = {The new riddle of induction},
  booktitle = {{ Fact, Fiction, and Forecast }},
  year      = {1965},
  publisher = {Harvard University Press},
}

@InCollection{arvaniti2022,
  author    = {Amalia Arvaniti},
  title     = {The autosegmental-metrical model of intonational phonology},
  booktitle = {Prosodic Theory and Practice},
  year      = {2022},
  editor    = {Jonathan Barnes and Stefanie Shattuck-Hufnagel},
  publisher = {MIT Press},
  pages     = {25--63},
  address   = {Cambridge MA},
}

@Book{jezek2003classi,
  author    = {Jezek, Elisabetta},
  title     = {Classi verbali fra semantica e sintassi},
  year      = {2003},
  publisher = {Pisa: Edizioni ETS},
}

@Article{chomsky2023false,
  author  = {Noam Chomsky and Ian Roberts and Jeffrey Watumull},
  title   = {Noam {C}homsky: {T}he False Promise of {ChatGPT}},
  journal = {{The New York Times}},
  date    = {2023-03-08},
  url     = {https://www.nytimes.com/2023/03/08/opinion/noam-chomsky-chatgpt-ai.html},
}

@Article{DerbPull81,
  author  = {Derbyshire, Desmond C. and Geoffrey K. Pullum},
  title   = {Object Initial Languages},
  journal = {International Journal of American Linguistics},
  year    = {1981},
  volume  = {47},
  pages   = {192--214},
}

@InCollection{voorhoeve2010remarkable,
  author    = {Voorhoeve, C. L.},
  title     = {"A remarkable chain tale from New Guinea"},
  booktitle = {"A Mosaic of languages and cultures: studies celebrating the career of Karl J. Franklin"},
  year      = {2010},
  publisher = {"SIL International, Dallas"},
  pages     = {408--415},
}

@Article{piantadosi2022reply,
  author    = {Piantadosi, Steven T and Yang, Yuan},
  title     = {{Reply to Murphy and Leivada: Program induction can learn language}},
  journal   = {{Proceedings of the National Academy of Sciences}},
  year      = {2022},
  volume    = {119},
  number    = {23},
  pages     = {e2202925119},
  publisher = {{National Academy of Sciences}},
}

@Article{berent2021canwe,
  author    = {Berent, Iris},
  title     = {Can we get human nature right?},
  journal   = {Proceedings of the National Academy of Sciences},
  year      = {2021},
  volume    = {118},
  number    = {39},
  pages     = {e2108274118},
  publisher = {National Academy of Sciences},
}

@Book{aarne1961types,
  author    = {Aarne, Antti and Thompson, Stith},
  title     = {The Types of the Folktale, A Classification and Bibliography},
  year      = {1961},
  publisher = {Suomalainen Tiedeakatemia, Helsinki},
}

@Article{pullum1989formal,
  author    = {Pullum, Geoffrey K},
  title     = {Formal linguistics meets the boojum},
  journal   = {{Natural Language \& Linguistic Theory}},
  year      = {1989},
  pages     = {137--143},
  publisher = {JSTOR},
}

@InCollection{spelke2003makes,
  author    = {Elizabeth Spelke},
  title     = {{What makes us smart? Core knowledge and natural language.}},
  booktitle = {{Language in Mind}},
  year      = {2003},
  editor    = {D. Gentner and S. Goldin-Meadow},
  publisher = {{MIT Press}},
  pages     = {277--311},
  address   = {Cambridge, MA},
  page      = {277-311},
}

@InProceedings{gauthier2020syntaxgym,
  author    = {Gauthier, Jon and Hu, Jennifer and Wilcox, Ethan and Qian, Peng and Levy, Roger},
  title     = {{SyntaxGym: An online platform for targeted evaluation of language models}},
  booktitle = {{Proceedings of the 58th Annual Meeting of the Association for Computational Linguistics: System Demonstrations}},
  year      = {2020},
  pages     = {70--76},
}

@Book{hurford2011origins,
  author    = {Hurford, James R.},
  title     = {The Origins of Grammar, Language in the Light of Evolution II},
  year      = {2011},
  publisher = {Oxford University Press},
}

@Article{raviv2020role,
  author  = {Raviv, Limor and Meyer, Antje and Lev-Ari, Shiri},
  title   = {The Role of Social Network Structure in the Emergence of Linguistic Structure},
  journal = {Cognitive Science},
  year    = {2020},
  volume  = {44},
  doi     = {10.1111/cogs.12876},
}

@Article{voloh2023hierarchical,
  author    = {Voloh, Benjamin and Maisson, David J-N and Cervera, Roberto Lopez and Conover, Indirah and Zambre, Mrunal and Hayden, Benjamin and Zimmermann, Jan},
  title     = {Hierarchical action encoding in prefrontal cortex of freely moving macaques},
  journal   = {Cell Reports},
  year      = {2023},
  volume    = {42},
  number    = {9},
  publisher = {Elsevier},
}

@Article{castaneda1967indicators,
  author    = {Casta{\~n}eda, Hector-Neri},
  title     = {Indicators and quasi-indicators},
  journal   = {American philosophical quarterly},
  year      = {1967},
  volume    = {4},
  number    = {2},
  pages     = {85--100},
  publisher = {JSTOR},
}

@Article{fodor1988connectionism,
  author    = {J.A. Fodor and Z.W. Pylyshyn},
  title     = {{Connectionism and cognitive architecture: a critical analysis, Connections and symbols}},
  journal   = {{A Cognition Special Issue, S. Pinker and J. Mehler (eds.)}},
  year      = {1988},
  volume    = {28},
  number    = {1-2},
  pages     = {3--71},
  publisher = {Elsevier},
}

@Book{jespersen1927modern,
  author    = {Jespersen, Otto},
  title     = {A Modern English Grammar on Historical Principles. Part 3: Syntax, Second Volume},
  year      = {1927},
  publisher = {Heidelberg: Carl Winter},
}

@InCollection{kluender1992deriving,
  author    = {Kluender, Robert},
  title     = {Deriving island constraints from principles of predication},
  booktitle = {{Island Constraints: Theory, Acquisition and Processing}},
  year      = {1992},
  publisher = {Springer},
  pages     = {223--258},
}

@Article{Angluin:1980,
  author  = {Dana Angluin},
  title   = {Inductive Inference of Formal Languages From Positive Data},
  journal = {Information and Control},
  year    = {1980},
  volume  = {21},
  pages   = {46--62},
}

@Book{Harris21,
  author    = {Harris, Randy Allen},
  title     = {The Linguistics Wars: Chomsky, Lakoff, and the Battle over Deep Structure},
  year      = {2021},
  edition   = {second},
  publisher = {Oxford University Press},
  address   = {New York},
}

@Article{kocijan2022defeat,
  author  = {Kocijan, Vid and Davis, Ernest and Lukasiewicz, Thomas and Marcus, Gary and Morgenstern, Leora},
  title   = {{The defeat of the Winograd Schema Challenge}},
  journal = {arXiv preprint arXiv:2201.02387},
  year    = {2022},
}

@Article{hale1983warlpiri,
  author  = {Kenneth Hale},
  title   = {Warlpiri and the grammar of non-configurational languages},
  journal = {Natural Language and Linguistic Theory},
  year    = {1983},
  volume  = {1},
  number  = {1},
  pages   = {5--47},
}

@Article{van1993synopsis,
  author    = {Van Valin, Robert D},
  title     = {A synopsis of {R}ole and {R}eference {G}rammar},
  journal   = {Amsterdam Studies in the Theory and History of Linguistic Science Series 4},
  year      = {1993},
  pages     = {1--1},
  publisher = {John Benjamins BV},
}

@Article{gervain2012binding,
  author    = {Gervain, Judit and Berent, Iris and Werker, Janet F.},
  title     = {Binding at birth: {T}he newborn brain detects identity relations and sequential position in speech},
  journal   = {Journal of Cognitive Neuroscience},
  year      = {2012},
  volume    = {24},
  number    = {3},
  pages     = {564--574},
  publisher = {Cambridge, MA: MIT Press},
}

@Article{kluender1993subjacency,
  author    = {Kluender, Robert and Kutas, Marta},
  title     = {Subjacency as a processing phenomenon},
  journal   = {{Language and Cognitive Processes}},
  year      = {1993},
  volume    = {8},
  number    = {4},
  pages     = {573--633},
  publisher = {Taylor \& Francis},
}

@InProceedings{indenmaliszwagnerwachsmuth2012,
  author    = {Benjamin Inden and Malisz Zofia and Petra Wagner and Ipke Wachsmuth},
  title     = {Rapid entrainment to spontaneous speech: {A} comparison of oscillator models},
  booktitle = {{Proceedings of the 34th Annual Conference of the Cognitive Science Society}},
  year      = {2001},
  editor    = {Naomi Miyake and David Peebles and Richard P. Cooper},
  publisher = {Cognitive Science Society},
  pages     = {1721–1726},
  address   = {Austin TX},
}

@InCollection{warstadt2022artificial,
  author    = {Warstadt, Alex and Bowman, Samuel R},
  title     = {What artificial neural networks can tell us about human language acquisition},
  booktitle = {{Algebraic Structures in Natural Language}},
  year      = {2022},
  publisher = {{CRC Press}},
  pages     = {17--60},
}

@Article{gil2021metaphors,
  author  = {Gil, David and Shen, Yeshayahu},
  title   = {Metaphors: The Evolutionary Journey from Bidirectionality to Unidirectionality},
  journal = {Philosophical Transactions B},
  year    = {2021},
}

@InCollection{gil2017isolating,
  author    = {Gil, David},
  title     = {Isolating-Monocategorial-Associational Language},
  booktitle = {Handbook of Categorisation in Cognitive Science},
  year      = {2017},
  edition   = {Second Edition},
  publisher = {Elsevier},
  pages     = {471--510},
}

@InCollection{smith2012compositionality,
  author    = {Smith, Kenny and Kirby, Simon},
  title     = {Compositionality and linguistic evolution},
  booktitle = {{The Oxford Handbook of Compositionality}},
  year      = {2012},
  publisher = {{Oxford University Press}},
  eds       = {Wolfram Hinzen and Edouard Machery and Markus Werning},
}

@Article{samuels2004innateness,
  author    = {Samuels, Richard},
  title     = {Innateness in cognitive science},
  journal   = {Trends in cognitive sciences},
  year      = {2004},
  volume    = {8},
  number    = {3},
  pages     = {136--141},
  publisher = {Elsevier},
}

@Article{zhang2020you,
  author  = {Zhang, Yian and Warstadt, Alex and Li, Haau-Sing and Bowman, Samuel R},
  title   = {When do you need billions of words of pretraining data?},
  journal = {arXiv preprint arXiv:2011.04946},
  year    = {2020},
}

@Article{moro2023large,
  author    = {Moro, Andrea and Greco, Matteo and Cappa, Stefano F},
  title     = {Large languages, impossible languages and human brains},
  journal   = {Cortex},
  year      = {2023},
  volume    = {167},
  pages     = {82--85},
  publisher = {Elsevier},
}

@Article{carcassi2021monotone,
  author    = {Carcassi, Fausto and Steinert-Threlkeld, Shane and Szymanik, Jakub},
  title     = {Monotone quantifiers emerge via iterated learning},
  journal   = {Cognitive Science},
  year      = {2021},
  volume    = {45},
  number    = {8},
  pages     = {e13027},
  publisher = {Wiley Online Library},
}

@Manual{r2023,
  author       = {{R Core Team}},
  title        = {R: A Language and Environment for Statistical Computing},
  year         = {2023},
  organization = {R Foundation for Statistical Computing},
  url          = {https://www.R-project.org/},
  address      = {Vienna, Austria},
}

@Article{castaneda1968logic,
  author  = {Casta{\~n}eda, Hector-Neri},
  title   = {On the logic of attributions of self-knowledge to others},
  journal = {The journal of philosophy},
  year    = {1968},
  volume  = {65},
  number  = {15},
  pages   = {439--456},
}

@Article{heavey2008phenomena,
  author    = {Heavey, Christopher L and Hurlburt, Russell T},
  title     = {The phenomena of inner experience},
  journal   = {{Consciousness and Cognition}},
  year      = {2008},
  volume    = {17},
  number    = {3},
  pages     = {798--810},
  publisher = {Elsevier},
}

@Article{christiansen2015language,
  author    = {Christiansen, Morten H and Chater, Nick},
  title     = {The language faculty that wasn't: {A} usage-based account of natural language recursion},
  journal   = {{Frontiers in Psychology}},
  year      = {2015},
  volume    = {6},
  pages     = {1182},
  publisher = {Frontiers},
}

@InProceedings{Szabolcsi:1987,
  author    = {Anna Szabolcsi},
  title     = {Bound variables in syntax -- are there any?},
  booktitle = {Proceedings of the 6th Amsterdam Colloquium},
  year      = {1987},
  editor    = {J. Gronendijk and M. Stokhof and F. Veltman},
  publisher = {Institute for Language, Logic, and Information},
  pages     = {331--351},
  address   = {Amsterdam},
}

@InProceedings{Schutze:1993,
  author    = {Hinrich Sch\"utze},
  title     = {Word Space},
  booktitle = {Advances in Neural Information Processing Systems 5},
  year      = {1993},
  editor    = {SJ Hanson and JD Cowan and CL Giles},
  publisher = {Morgan Kaufmann},
  pages     = {895--902},
}

@Article{pullum2009universals,
  author    = {Pullum, Geoffrey K and Scholz, Barbara C},
  title     = {For universals (but not finite-state learning) visit the zoo},
  journal   = {{Behavioral and Brain Sciences}},
  year      = {2009},
  volume    = {32},
  number    = {5},
  pages     = {466--467},
  publisher = {Cambridge University Press},
}

@InProceedings{wagner2010,
  author    = {Petra Wagner},
  title     = {Two sides of the same coin? investigating iambic and trochaic timing and prominence in {German} poetry},
  booktitle = {{Proceedings of the 5th International Conference on Speech Prosody}},
  year      = {2010},
  note      = {paper 324},
}

@Book{phoible,
  title     = {PHOIBLE 2.0},
  year      = {2019},
  editor    = {Steven Moran and Daniel McCloy},
  publisher = {Max Planck Institute for the Science of Human History},
  url       = {https://phoible.org/},
  address   = {Jena},
}

@InProceedings{kwiatkowski2012probabilistic,
  author       = {Kwiatkowski, Tom and Goldwater, Sharon and Zettlemoyer, Luke and Steedman, Mark},
  title        = {A probabilistic model of syntactic and semantic acquisition from child-directed utterances and their meanings},
  booktitle    = {{Proceedings of the 13th Conference of the European Chapter of the Association for Computational Linguistics}},
  year         = {2012},
  organization = {{Association for Computational Linguistics}},
  pages        = {234--244},
}

@InProceedings{odellnieminen1999,
  author    = {Michael L. O'Dell and Tommi Nieminen},
  title     = {Coupled oscillator model of speech rhythm},
  booktitle = {{Proceedings of the 14th International Congress of Phonetic Sciences}},
  year      = {1999},
  pages     = {1075--1078},
}

@Article{wray2007consequences,
  author  = {Wray, Allison and Grace, George W.},
  title   = {The Consequences of Talking to Strangers: Evolutionary Corollaries of Socio-cultural influences on Linguistic Form},
  journal = {Lingua},
  year    = {2007},
  volume  = {117},
  pages   = {543--578},
}

@Book{SakeEver12,
  author    = {Sakel, Jeanette and Daniel L. Everett},
  title     = {Linguistic Fieldwork},
  year      = {2012},
  publisher = {Cambridge University Press},
  address   = {Cambridge, UK},
}

@InProceedings{clark2000inducing,
  author    = {Clark, Alexander},
  title     = {Inducing syntactic categories by context distribution clustering},
  booktitle = {{Fourth Conference on Computational Natural Language Learning and the Second Learning Language in Logic Workshop}},
  year      = {2000},
}

@Misc{Bartlett12,
  author       = {Bartlett, Tom},
  title        = {Angry Words},
  year         = {2012},
  howpublished = {\textit{The Chronicle of Higher Education}, 20 March 2012 (\emph{The Chronicle Review} section); online at {\small\url{https://www.chronicle.com/article/angry-words/}}},
}

@Article{rule2020child,
  author    = {Rule, Joshua S and Tenenbaum, Joshua B and Piantadosi, Steven T},
  title     = {{The Child as Hacker}},
  journal   = {{Trends in Cognitive Sciences}},
  year      = {2020},
  volume    = {24},
  number    = {11},
  pages     = {900--915},
  publisher = {Elsevier},
}

@InCollection{sakel2010piraha,
  author    = {Sakel, Jeanette and Stapert, Eugenie},
  title     = {Pirah{\~a}--in need of recursive syntax?},
  booktitle = {Recursion and human language},
  year      = {2010},
  editor    = {Harry van der Hulst},
  publisher = {Berlin: Mouton de Gruyter},
  pages     = {3--16},
}

@Article{mottonen2009motor,
  author    = {M{\"o}tt{\"o}nen, Riikka and Watkins, Kate E.},
  title     = {Motor representations of articulators contribute to categorical perception of speech sounds},
  journal   = {Journal of Neuroscience},
  year      = {2009},
  volume    = {29},
  number    = {31},
  pages     = {9819--9825},
  publisher = {Society for Neuroscience},
}

@InCollection{nadel2003cognitive,
  author    = {Nadel, Lynn and Piattelli-Palmarini, Massimo},
  title     = {{What is Cognitive Science}},
  booktitle = {{Encyclopedia of Cognitive Science}},
  year      = {2003},
  publisher = {{Nature Publishing Group}},
  eds       = {Lynn Nadel},
}

@Article{bering2004natural,
  author    = {Bering, Jesse M. and Bjorklund, David F.},
  title     = {The natural emergence of reasoning about the afterlife as a developmental regularity},
  journal   = {Developmental psychology},
  year      = {2004},
  volume    = {40},
  number    = {2},
  pages     = {217--233},
  publisher = {American Psychological Association},
}

@InCollection{Partee:2013,
  author    = {Barbara Partee},
  title     = {Changing Perspectives on the `Mathematics or Psychology' Question},
  booktitle = {Philosophy Workshop on `Semantics – Mathematics or Psychology?'},
  year      = {2013},
}

@Article{jiang2018production,
  author    = {Jiang, Xinjian and Long, Tenghai and Cao, Weicong and Li, Junru and Dehaene, Stanislas and Wang, Liping},
  title     = {Production of supra-regular spatial sequences by macaque monkeys},
  journal   = {Current Biology},
  year      = {2018},
  volume    = {28},
  number    = {12},
  pages     = {1851--1859},
  publisher = {Elsevier},
}

@Book{mcwhorter2011linguistic,
  author    = {McWhorter, John H.},
  title     = {Linguistic Simplicity and Complexity: Why Do Languages Undress?},
  year      = {2011},
  publisher = {De Gruyter Mouton},
}

@Book{Chomsky:1965,
  author    = {Noam Chomsky},
  title     = {Aspects of the Theory of Syntax},
  year      = {1965},
  publisher = {MIT Press},
}

@Article{goldberg2019assessing,
  author  = {Goldberg, Yoav},
  title   = {Assessing {BERT}'s Syntactic Abilities},
  journal = {arXiv preprint arXiv:1901.05287},
  year    = {2019},
}

@Book{jackendoff2002foundations,
  author    = {Ray Jackendoff},
  title     = {Foundations of Language: {B}rain, Meaning, Grammar, Evolution},
  year      = {2002},
  publisher = {Oxford University Press},
}

@Article{wickham2019package,
  author  = {Wickham, Hadley and Wickham, Maintainer Hadley},
  title   = {Package ‘stringr’},
  journal = {Website: http://stringr. tidyverse. org, https://github. com/tidyverse/stringr},
  year    = {2019},
}

@Article{labelle2010anticausative,
  author  = {Labelle, Marie and Doron, Edith},
  title   = {Anticausative derivations (and other valency alternations) in French},
  journal = {Probus},
  year    = {2010},
  volume  = {22},
  number  = {2},
  pages   = {303--316},
}

@Article{Jacobson:1999,
  author  = {Pauline Jacobson},
  title   = {Towards a Variable-Free Semantics},
  journal = {Linguistics and Philosophy},
  year    = {1999},
  volume  = {22},
  pages   = {117--184},
}

@Book{Samarin67,
  author    = {Samarin, William J.},
  title     = {Field Linguistics: A Guide to Linguistic Fieldwork},
  year      = {1967},
  publisher = {Holt, Rinehart and Winston},
  address   = {New York},
}

@Book{carnie2021syntax,
  author    = {Carnie, Andrew},
  title     = {Syntax: {A Generative Introduction}},
  year      = {2021},
  publisher = {John Wiley \& Sons},
}

@Book{wickham2016,
  author    = {Hadley Wickham},
  title     = {ggplot2: Elegant Graphics for Data Analysis},
  year      = {2016},
  publisher = {Springer-Verlag New York},
  isbn      = {978-3-319-24277-4},
  url       = {https://ggplot2.tidyverse.org},
}

@Book{sakel2004grammar,
  author    = {Sakel, Jeanette},
  title     = {A grammar of {M}oset{\'e}n},
  year      = {2004},
  volume    = {33},
  publisher = {Walter de Gruyter},
}

@InCollection{Chomsky:1970,
  author    = {Noam Chomsky},
  title     = {Remarks on nominalization},
  booktitle = {Readings in {E}nglish Transformational Grammar},
  year      = {1970},
  editor    = {R. Jacobs and P. Rosenbaum},
  publisher = {Blaisdell},
  pages     = {184--221},
  address   = {Waltham, MA},
}

@Article{berent2014language,
  author    = {Berent, Iris and Pan, Hong and Zhao, Xu and Epstein, Jane and Bennett, Monica L. and Deshpande, Vibhas and Seethamraju, Ravi Teja and Stern, Emily},
  title     = {Language universals engage Broca's area},
  journal   = {PLoS One},
  year      = {2014},
  volume    = {9},
  number    = {4},
  pages     = {e95155},
  publisher = {Public Library of Science San Francisco, USA},
}

@Article{piantadosi2022meaning,
  author  = {Piantadosi, Steven T and Hill, Felix},
  title   = {Meaning without reference in large language models},
  journal = {arXiv preprint arXiv:2208.02957},
  year    = {2022},
}

@Book{Procter:1978,
  author    = {Paul Procter},
  title     = {Longman Dictionary of Contemporary {E}nglish},
  year      = {1978},
  edition   = {1},
  publisher = {Longman},
}

@Article{Fodor:1970,
  author    = {Fodor, JA},
  title     = {Three Reasons for Not Deriving" Kill" from" Cause to Die"},
  journal   = {Linguistic Inquiry},
  year      = {1970},
  volume    = {1},
  number    = {4},
  pages     = {429--438},
  publisher = {The MIT Press},
}

@InCollection{Blevins05,
  author    = {Blevins, James},
  title     = {Remarks on Gerunds},
  booktitle = {Morphology and the Web of Grammar: Essays in Memory of {Steven} {G.} {Lapointe}},
  year      = {2005},
  editor    = {Peter Sells and C. Orhan Orgun},
  publisher = {CSLI Publications},
  pages     = {19--40},
  address   = {Stanford, CA},
}

@Article{mcclelland2002rules,
  author    = {McClelland, James L and Patterson, Karalyn},
  title     = {Rules or connections in past-tense inflections: what does the evidence rule out?},
  journal   = {Trends in cognitive sciences},
  year      = {2002},
  volume    = {6},
  number    = {11},
  pages     = {465--472},
  publisher = {Elsevier},
}

@InProceedings{Recski:2016d,
  author    = {G\'abor Recski},
  title     = {Building Concept Graphs from Monolingual Dictionary Entries},
  booktitle = {{Proceedings of the Tenth International Conference on Language Resources and Evaluation (LREC 2016)}},
  year      = {2016},
  editor    = {Nicoletta Calzolari and Khalid Choukri and Thierry Declerck and Marko Grobelnik and Bente Maegaard and Joseph Mariani and Asuncion Moreno and Jan Odijk and Stelios Piperidis},
  language  = {english},
  publisher = {European Language Resources Association (ELRA)},
  isbn      = {978-2-9517408-9-1},
  address   = {Portoro\v{z}, Slovenia},
}

@Article{reali2005uncovering,
  author    = {Reali, Florencia and Christiansen, Morten H},
  title     = {Uncovering the richness of the stimulus: {S}tructure dependence and indirect statistical evidence},
  journal   = {{Cognitive Science}},
  year      = {2005},
  volume    = {29},
  number    = {6},
  pages     = {1007--1028},
  publisher = {Wiley Online Library},
}

@InCollection{langley1983rediscovering,
  author    = {Langley, Pat and Bradshaw, Gary L and Simon, Herbert A},
  title     = {{Rediscovering chemistry with the BACON system}},
  booktitle = {{Machine Learning: An Artificial Intelligence Approach}},
  year      = {1983},
  publisher = {Springer},
}

@Article{hosseini2022artificial,
  author  = {Hosseini, Eghbal A and Schrimpf, Martin A and Zhang, Yian and Bowman, Samuel and Zaslavsky, Noga and Fedorenko, Evelina},
  title   = {Artificial neural network language models align neurally and behaviorally with humans even after a developmentally realistic amount of training},
  journal = {bioRxiv},
  year    = {2022},
  pages   = {2022--10},
}

@Article{cumminsport1998,
  author  = {Fred Cummins and Robert Port},
  title   = {Rhythmic constraints on stress timing in {English}},
  journal = {Journal of Phonetics},
  year    = {1998},
  pages   = {145--171},
}

@Article{fedorenko2011functional,
  author    = {Fedorenko, Evelina and Behr, Michael K and Kanwisher, Nancy},
  title     = {Functional specificity for high-level linguistic processing in the human brain},
  journal   = {Proceedings of the National Academy of Sciences},
  year      = {2011},
  volume    = {108},
  number    = {39},
  pages     = {16428--16433},
  publisher = {National Acad Sciences},
}

@Article{wilcox2018rnn,
  author  = {Wilcox, Ethan and Levy, Roger and Morita, Takashi and Futrell, Richard},
  title   = {What do RNN Language Models Learn about Filler-Gap Dependencies?},
  journal = {arXiv preprint arXiv:1809.00042},
  year    = {2018},
}

@InCollection{gil2009much,
  author    = {Gil, David},
  title     = {How much grammar does it take to sail a boat?},
  booktitle = {Language Complexity as an Evolving Variable},
  year      = {2009},
  editor    = {G. Sampson and D. Gil and P. Trudgill},
  publisher = {Oxford University Press, Oxford,},
  pages     = {19--33},
}

@Book{meier1851deutsche,
  author    = {Meier, Ernst},
  title     = {Deutsche Kindereime und Kinderspiele aus Schwaben},
  year      = {1851},
  publisher = {Ludwig Friedrich Fues},
}

@InCollection{alexiadou2006properties,
  author    = {Alexiadou, Artemis and Anagnostopoulou, Elena and Schäfer, Florian},
  title     = {The properties of anticausatives crosslinguistically},
  booktitle = {Phases of interpretation},
  year      = {2006},
  editor    = {Frascarelli, Mara},
  publisher = {Mouton de Gruyter},
  pages     = {187–211},
}

@Article{mollica2021forms,
  author    = {Mollica, Francis and Bacon, Geoff and Zaslavsky, Noga and Xu, Yang and Regier, Terry and Kemp, Charles},
  title     = {The forms and meanings of grammatical markers support efficient communication},
  journal   = {Proceedings of the National Academy of Sciences},
  year      = {2021},
  volume    = {118},
  number    = {49},
  pages     = {e2025993118},
  publisher = {National Acad Sciences},
}

@Article{caucheteux2022deep,
  author    = {Caucheteux, Charlotte and Gramfort, Alexandre and King, Jean-R{\'e}mi},
  title     = {Deep language algorithms predict semantic comprehension from brain activity},
  journal   = {{Scientific Reports}},
  year      = {2022},
  volume    = {12},
  number    = {1},
  pages     = {16327},
  publisher = {Nature Publishing Group UK London},
}

@Article{gibbongriffiths2017,
  author  = {Dafydd Gibbon and Sascha Griffiths},
  title   = {{Multilinear Grammar: Ranks and Interpretations}},
  journal = {Open Linguistics},
  year    = {2017},
  volume  = {3},
  number  = {1},
  pages   = {265--307},
}

@Article{blasi2021systematic,
  author  = {Blasi, Dami{\'a}n and Anastasopoulos, Antonios and Neubig, Graham},
  title   = {Systematic Inequalities in Language Technology Performance across the World's Languages},
  journal = {arXiv preprint arXiv:2110.06733},
  year    = {2021},
}

@Article{setoh2013young,
  author    = {Setoh, Peipei and Wu, Di and Baillargeon, Ren{\'e}e and Gelman, Rochel},
  title     = {Young infants have biological expectations about animals},
  journal   = {Proceedings of the National Academy of Sciences},
  year      = {2013},
  volume    = {110},
  number    = {40},
  pages     = {15937--15942},
  publisher = {National Acadademy Sciences},
}

@Article{behme2014galilean,
  author    = {Behme, Christina},
  title     = {A {‘Galilean’} Science of Language},
  journal   = {{Journal of Linguistics}},
  year      = {2014},
  volume    = {50},
  number    = {3},
  pages     = {671--704},
  publisher = {Cambridge University Press},
}

@Article{comrie2006transitivity,
  author  = {Comrie, Bernard},
  title   = {Transitivity pairs, markedness, and diachronic stability},
  journal = {Linguistics},
  year    = {2006},
  volume  = {44},
  number  = {2},
  pages   = {303--318},
}

@InProceedings{hewitt2019structural,
  author    = {Hewitt, John and Manning, Christopher D},
  title     = {A structural probe for finding syntax in word representations},
  booktitle = {Proceedings of the 2019 Conference of the North American Chapter of the Association for Computational Linguistics: Human Language Technologies, Volume 1 (Long and Short Papers)},
  year      = {2019},
  pages     = {4129--4138},
}

@Article{behme2012potpourri,
  author  = {Behme, Christina},
  title   = {A {P}otpourri of {C}homskyan {S}cience},
  journal = {Ling{B}uzz},
  year    = {2012},
}

@Book{zipf1965psycho,
  author    = {Zipf, George Kingsley},
  title     = {{The Psycho-Biology of Language: {A}n Introduction to Dynamic Philology}},
  year      = {1965},
  publisher = {{MIT Press}},
}

@Article{everett2018role,
  author    = {Everett, Daniel L},
  title     = {The role of culture in language and cognition},
  journal   = {Language and Linguistics Compass},
  year      = {2018},
  volume    = {12},
  number    = {11},
  pages     = {e12304},
  publisher = {Hoboken, NJ: Wiley Online Library},
}

@Article{hume2000treatise,
  author = {Hume, David},
  title  = {A Treatise of Human Nature Oxford: Oxford University Press},
  year   = {2000},
}

@Book{bod2003data,
  author    = {Bod, Rens and Scha, Remko and Sima'an, Khalil},
  title     = {{Data-Oriented Parsing}},
  year      = {2003},
  publisher = {The University of Chicago Press},
}

@Book{muller2023grammatical,
  author    = {M{\"u}ller, Stefan},
  title     = {{Grammatical theory: From transformational grammar to constraint-based approaches}},
  year      = {2023},
  publisher = {Language Science Press},
}

@Article{croft1995autonomy,
  author    = {Croft, William},
  title     = {{Autonomy and Functionalist Linguistics}},
  journal   = {Language},
  year      = {1995},
  pages     = {490--532},
  publisher = {JSTOR},
}

@Article{ullman2012theory,
  author    = {Ullman, T.D. and Goodman, N.D. and Tenenbaum, J.B.},
  title     = {Theory learning as stochastic search in the language of thought},
  journal   = {Cognitive Development},
  year      = {2012},
  volume    = {27},
  number    = {4},
  pages     = {455--480},
  publisher = {Elsevier},
}

@Article{lupyan2016there,
  author    = {Lupyan, Gary and Dale, Rick},
  title     = {Why are there different languages? {T}he role of adaptation in linguistic diversity},
  journal   = {{Trends in Cognitive Sciences}},
  year      = {2016},
  volume    = {20},
  number    = {9},
  pages     = {649--660},
  publisher = {Elsevier},
}

@InProceedings{van2021quantifiers,
  author    = {van de Pol, Iris and Lodder, Paul and van Maanen, Leendert and Steinert-Threlkeld, Shane and Szymanik, Jakub},
  title     = {Quantifiers satisfying semantic universals are simpler},
  booktitle = {{Proceedings of the Annual Meeting of the Cognitive Science Society}},
  year      = {2021},
  volume    = {43},
  number    = {43},
}

@Book{matras2007grammatical,
  author    = {Matras, Yaron and Sakel, Jeanette},
  title     = {Grammatical borrowing in cross-linguistic perspective},
  year      = {2007},
  publisher = {Mouton de Gruyter Berlin},
}

@InCollection{hout2004unaccusativity,
  author    = {Hout, Angelik van},
  title     = {Unaccusativity as telicity checking},
  booktitle = {The Unaccusativity Puzzle. Explorations of the Syntax-Lexicon Interface},
  year      = {2004},
  publisher = {Oxford: Oxford University Press},
  pages     = {60--83},
}

@Misc{gibbonweb2014,
  author       = {Dafydd Gibbon},
  title        = {Visualisation of distances in language quality spaces: {DistGraph}, an online teaching tool for language typology data mining},
  year         = {2014},
  howpublished = {\url{http://wwwhomes.uni-bielefeld.de/gibbon/DistGraph/}},
}

@Book{muller2016grammatical,
  author    = {M{\"u}ller, Stefan},
  title     = {Grammatical theory: From transformational grammar to constraint-based approaches},
  year      = {2016},
  publisher = {Language Science Press},
}

@Book{eberhard2020ethnologue,
  title     = {Ethnologue: Languages of the World},
  year      = {2020},
  editor    = {Eberhard, David M. and Simons, Gary F. and Fennig Charles D.},
  edition   = {Twenty-third edition},
  publisher = {SIL International},
  url       = {http://www.ethnologue.com},
  address   = {Dallas, TX, USA},
}

@Article{kaplan2020scaling,
  author  = {Kaplan, Jared and McCandlish, Sam and Henighan, Tom and Brown, Tom B and Chess, Benjamin and Child, Rewon and Gray, Scott and Radford, Alec and Wu, Jeffrey and Amodei, Dario},
  title   = {Scaling laws for neural language models},
  journal = {arXiv preprint arXiv:2001.08361},
  year    = {2020},
}

@Book{everett2017numbers,
  author    = {Everett, Caleb},
  title     = {Numbers and the making of us: Counting and the course of human cultures},
  year      = {2017},
  publisher = {Harvard University Press},
}

@InProceedings{fujisaki2004,
  author    = {Hiroya Fujisaki},
  title     = {Information, Prosody, and Modeling with Emphasis on Tonal Features of Speech},
  booktitle = {{Proceedings of the 2nd International Conference on Speech Prosody}},
  year      = {2004},
  editor    = {Bernard Bel and Isabelle Marlien},
}

@Book{Derbyshire79,
  author    = {Derbyshire, Desmond C.},
  title     = {Hixkaryana},
  year      = {1979},
  note      = {Lingua Descriptive Studies, no.\,1},
  publisher = {North-Holland},
  address   = {Amsterdam},
}

@Book{levin1993english,
  author    = {Levin, Beth},
  title     = {{E}nglish verb classes and alternations: {A} preliminary investigation},
  year      = {1993},
  publisher = {University of Chicago press},
}

@InCollection{gibbonsp2018,
  author    = {Dafydd Gibbon},
  title     = {The future of prosody: {It's} about time},
  booktitle = {{Proceedings of the 9th International Conference on Speech Prosody}},
  year      = {2018},
  publisher = {SProSIG},
  pages     = {1--9},
}

@Article{ambridge2008island,
  author    = {Ambridge, Ben and Goldberg, Adele E},
  title     = {The island status of clausal complements: Evidence in favor of an information structure explanation},
  journal   = {Cognitive {L}inguistics},
  year      = {2008},
  volume    = {19},
  number    = {3},
  pages     = {357--389},
  publisher = {Walter de Gruyter GmbH \& Co. KG},
}

@Article{steinert2020ease,
  author    = {Steinert-Threlkeld, Shane and Szymanik, Jakub},
  title     = {Ease of learning explains semantic universals},
  journal   = {Cognition},
  year      = {2020},
  volume    = {195},
  pages     = {104076},
  publisher = {Elsevier},
}

@InCollection{haspelmath1993more,
  author    = {Haspelmath, Martin},
  title     = {More on the typology of inchoative/causative verb alternations},
  booktitle = {Causatives and transitivity},
  year      = {1993},
  publisher = {Amsterdam: John Benjamins},
  pages     = {87--120},
}

@Article{karlsson2007bconstraints,
  author  = {Karlsson, Fred},
  title   = {Constraints on multiple center-embedding of clauses},
  journal = {Journal of Linguistics},
  year    = {2007},
  volume  = {43},
  number  = {2},
  pages   = {365--392},
}

@Article{koza1994genetic,
  author    = {Koza, John R},
  title     = {Genetic programming as a means for programming computers by natural selection},
  journal   = {{Statistics and Computing}},
  year      = {1994},
  volume    = {4},
  pages     = {87--112},
  publisher = {Springer},
}

@InCollection{gibbonsp2022,
  author    = {Dafydd Gibbon},
  title     = {Speech rhythms: {Learning} to discriminate speech styles},
  booktitle = {{Proceedings of the 11th International Conference on Speech Prosody}},
  year      = {2022},
  publisher = {SProSIG},
  pages     = {302--306},
}

@InCollection{cennamo1995patterns,
  author    = {Cennamo, Michela},
  title     = {Patterns of ‘active’ syntax in Late Latin pleonastic reflexives},
  booktitle = {Historical Linguistics 1995. Selected papers from the 12th International Conference on Historical Linguistics},
  year      = {1995},
  editor    = {Smith, John Charles and Bentley, Delia},
  publisher = {John Benjamins},
  pages     = {35–55},
}

@Book{heine2005language,
  author    = {Heine, Bernd and Kuteva, Tania},
  title     = {Language contact and grammatical change},
  year      = {2005},
  publisher = {Cambridge University Press},
}

@Book{Derbyshire85,
  author    = {Derbyshire, Desmond C.},
  title     = {Hixkaryana and Linguistic Typology},
  year      = {1985},
  publisher = {Summer Institute of Linguistics},
  address   = {Arlington, TX},
}

@Article{kodner2023linguistics,
  author  = {Kodner, Jordan and Payne, Sarah and Heinz, Jeffrey},
  title   = {{Why linguistics will thrive in the 21st century: A reply to Piantadosi (2023)}},
  journal = {arXiv preprint arXiv:2308.03228},
  year    = {2023},
}

@Book{muller2021head,
  author    = {M{\"u}ller, Stefan and Abeill{\'e}, Anne and Borsley, Robert D and Koenig, Jean-Pierre},
  title     = {{Head-Driven Phrase Structure Grammar: The handbook}},
  year      = {2021},
  publisher = {Language Science Press},
}

@Article{Derbyshire87,
  author  = {Derbyshire, Desmond C.},
  title   = {Morphosyntactic Areal Characteristics of {Amazonian} Languages},
  journal = {International Journal of American Linguistics},
  year    = {1987},
  volume  = {53},
  pages   = {311--326},
}

@Article{d2009motor,
  author    = {D'Ausilio, Alessandro and Pulverm{\"u}ller, Friedemann and Salmas, Paola and Bufalari, Ilaria and Begliomini, Chiara and Fadiga, Luciano},
  title     = {The motor somatotopy of speech perception},
  journal   = {Current biology},
  year      = {2009},
  volume    = {19},
  number    = {5},
  pages     = {381--385},
  publisher = {Elsevier},
}

@Article{mollica2019humans,
  author    = {Mollica, Francis and Piantadosi, Steven T.},
  title     = {Humans store about 1.5 megabytes of information during language acquisition},
  journal   = {Royal Society open science},
  year      = {2019},
  volume    = {6},
  number    = {3},
  pages     = {181393},
  publisher = {The Royal Society},
}

@Article{crain2001nature,
  author    = {Crain, Stephen and Pietroski, Paul},
  title     = {Nature, nurture and universal grammar},
  journal   = {{Linguistics and Philosophy}},
  year      = {2001},
  volume    = {24},
  pages     = {139--186},
  publisher = {Springer},
}

@PhdThesis{Nash80,
  author  = {Nash, David},
  title   = {Topics in Warlpiri Grammar},
  year    = {1980},
  address = {Cambridge, MA},
  school  = {MIT},
}

@Article{hauser2002faculty,
  author    = {Hauser, M.D. and Chomsky, N. and Fitch, W.},
  title     = {The faculty of language: What is it, who has it, and how did it evolve?},
  journal   = {Science},
  year      = {2002},
  volume    = {298},
  number    = {5598},
  pages     = {1569--1579},
  publisher = {American Association for the Advancement of Science},
}

@Book{greenberg1966universals,
  author    = {Greenberg, Joseph H.},
  title     = {Universals of language},
  year      = {1966},
  edition   = {2},
  publisher = {Cambridge, MA: MIT Press},
}

@Article{quilty2022best,
  author    = {Quilty-Dunn, Jake and Porot, Nicolas and Mandelbaum, Eric},
  title     = {The best game in town: {T}he re-emergence of the language of thought hypothesis across the cognitive sciences},
  journal   = {{Behavioral and Brain Sciences}},
  year      = {2022},
  volume    = {46},
  pages     = {e261: 1--75},
  publisher = {{Cambridge University Press}},
}

@Article{shain2022large,
  author  = {Shain, Cory and Meister, Clara and Pimentel, Tiago and Cotterell, Ryan and Levy, Roger Philip},
  title   = {Large-scale evidence for logarithmic effects of word predictability on reading time},
  journal = {{PsyArXiv}},
  year    = {2022},
}

@Book{kemmer1993middle,
  author    = {Kemmer, Suzanne},
  title     = {The middle voice},
  year      = {1993},
  publisher = {Amsterdam: John Benjamins},
}

@Book{gordon2016phonological,
  author    = {Gordon, Matthew K},
  title     = {Phonological typology},
  year      = {2016},
  volume    = {1},
  publisher = {Oxford University Press},
}

@Article{alves2019effect,
  author    = {Alves, Maxine and Krueger, Esedra and Pillay, Bhavani and Van Lierde, Kristiane and Van der Linde, Jeannie},
  title     = {The effect of hydration on voice quality in adults: a systematic review},
  journal   = {Journal of Voice},
  year      = {2019},
  volume    = {33},
  number    = {1},
  pages     = {125--e13},
  publisher = {Elsevier},
}

@Article{pater2019generative,
  author    = {Pater, Joe},
  title     = {Generative linguistics and neural networks at 60: Foundation, friction, and fusion},
  journal   = {Language},
  year      = {2019},
  volume    = {95},
  number    = {1},
  pages     = {e41--e74},
  publisher = {Linguistic Society of America},
}

@Article{berent2019people,
  author    = {Berent, Iris and Platt, Melanie and Sandoboe, Gwendolyn M.},
  title     = {People’s intuitions about innateness},
  journal   = {Open Mind},
  year      = {2019},
  volume    = {3},
  pages     = {101–114},
  publisher = {Cambridge, MA: MIT Press},
}

@Book{thurston1987processes,
  author    = {Thurston, William R.},
  title     = {Processes of Change in the Languages of North-Western New Britain},
  year      = {1987},
  series    = {Pacific Linguistics B - 99},
  publisher = {Canberra},
}

@Article{ross1967constraints,
  author    = {Ross, John Robert},
  title     = {Constraints on variables in syntax.},
  year      = {1967},
  publisher = {ERIC},
}

@Book{tesniere1959elements,
  author    = {Tesni{\`e}re, Lucien},
  title     = {El{\'e}ments de syntaxe structurale},
  year      = {1959},
  publisher = {Librairie C. Klincksieck},
}

@Article{schrimpf2020integrative,
  author    = {Schrimpf, Martin and Kubilius, Jonas and Lee, Michael J and Murty, N Apurva Ratan and Ajemian, Robert and DiCarlo, James J},
  title     = {Integrative benchmarking to advance neurally mechanistic models of human intelligence},
  journal   = {Neuron},
  year      = {2020},
  volume    = {108},
  number    = {3},
  pages     = {413--423},
  publisher = {Elsevier},
}

@Article{piantadosi2014quantitative,
  author    = {Steven T. Piantadosi and Edward Gibson},
  title     = {Quantitative standards for absolute linguistic universals},
  journal   = {Cognitive Science},
  year      = {2014},
  volume    = {38},
  number    = {4},
  pages     = {736--756},
  publisher = {Wiley Online Library},
}

@Article{kim2019probing,
  author  = {Kim, Najoung and Patel, Roma and Poliak, Adam and Wang, Alex and Xia, Patrick and McCoy, R Thomas and Tenney, Ian and Ross, Alexis and Linzen, Tal and Van Durme, Benjamin and others},
  title   = {{Probing what different NLP tasks teach machines about function word comprehension}},
  journal = {arXiv preprint arXiv:1904.11544},
  year    = {2019},
}

@InCollection{dixon1981wargamay,
  author    = {Dixon, Robert M},
  title     = {Wargamay; The Mpakwithi dialect of Anguthimri; Watjarri; Margany and Gunya; Tasmanian},
  booktitle = {Handbook of Australian Languages, Volume 2,},
  year      = {1981},
  editor    = {R. M.W. Dixon and Barry J. Blake},
  volume    = {2},
  publisher = {Canberra: Australian National University Press.},
  pages     = {1--144},
}

@Article{reed1916existence,
  author  = {Reed, Homer B},
  title   = {The existence and function of inner speech in thought processes.},
  journal = {{Journal of Experimental Psychology}},
  year    = {1916},
  volume  = {1},
  number  = {5},
  pages   = {365},
}

@InCollection{Hale76,
  author    = {Hale, Kenneth},
  title     = {The Adjoined Relative Clause in {Australia}},
  booktitle = {Grammatical Categories in {Australian} Languages},
  year      = {1976},
  editor    = {Robert M.W. Dixon},
  publisher = {Australian Institute of Aboriginal Studies},
  pages     = {78--105},
  address   = {Canberra},
}

@Book{smailus1975textos,
  author    = {Smailus, Ortwin},
  title     = {Textos Mayas de Belice y Quintana Roo},
  year      = {1975},
  publisher = {Gebr. Mann Verlag},
}

@InCollection{iacobini2004prefissazione,
  author    = {Iacobini, Claudio},
  title     = {Prefissazione},
  booktitle = {La formazione delle parole in italiano},
  year      = {2004},
  publisher = {Berlin: Mouton de Gruyter},
}

@Article{solan2005unsupervised,
  author    = {Solan, Zach and Horn, David and Ruppin, Eytan and Edelman, Shimon},
  title     = {Unsupervised learning of natural languages},
  journal   = {{Proceedings of the National Academy of Sciences}},
  year      = {2005},
  volume    = {102},
  number    = {33},
  pages     = {11629--11634},
  publisher = {National Academy of Sciences},
}

@Book{Fodor:1998,
  author    = {Jerry A. Fodor},
  title     = {Concepts},
  year      = {1998},
  publisher = {Clarendon Press},
}

@Book{smolensky2006harmonic,
  author    = {P. Smolensky and G. Legendre},
  title     = {{The Harmonic Mind}},
  year      = {2006},
  publisher = {{MIT Press}},
  address   = {Cambridge, MA},
}

@InCollection{gil2020isolating,
  author    = {Gil, David},
  title     = {What Does It Mean to Be an Isolating Language? The Case of Riau Indonesian},
  booktitle = {Austronesian Undressed: How and Why Languages Become Isolating},
  year      = {2020},
  publisher = {John Benjamins},
  pages     = {9--96},
}

@InCollection{jackendoff2014syntax,
  author    = {Jackendoff, Ray and Wittenberg, Eva},
  title     = {What You Can Say without Syntax: A Hierarchy of Grammatical Complexity},
  booktitle = {Measuring Linguistic Complexity},
  year      = {2014},
  publisher = {Oxford University Press},
  pages     = {65--82},
}

@Book{chierchia1989semantics,
  author    = {Chierchia, Gennaro},
  title     = {A semantics for unaccusatives and its syntactic consequences},
  year      = {1989},
  publisher = {Ms., Cornell University, Ithaca, N.Y. Published in Artemis Alexiadou, Elena Anagnostopoulou \& Martin Everaert (eds), 2004, The Unaccusativity Puzzle. Explorations of the Syntax-Lexicon Interface, 22-59. Oxford: Oxford University Press},
}

@Article{denic2022indefinite,
  author    = {Deni{\'c}, Milica and Steinert-Threlkeld, Shane and Szymanik, Jakub},
  title     = {Indefinite Pronouns Optimize the Simplicity/Informativeness Trade-Off},
  journal   = {{Cognitive Science}},
  year      = {2022},
  volume    = {46},
  number    = {5},
  pages     = {e13142},
  publisher = {{Wiley Online Library}},
}

@Article{siegelmann1995computational,
  author    = {Siegelmann, Hava T and Sontag, Eduardo D},
  title     = {On the computational power of neural nets},
  journal   = {{Journal of Computer and System Sciences}},
  year      = {1995},
  volume    = {50},
  number    = {1},
  pages     = {132--150},
  publisher = {Elsevier},
}

@InProceedings{ge2005statistical,
  author    = {Ge, Ruifang and Mooney, Raymond},
  title     = {A statistical semantic parser that integrates syntax and semantics},
  booktitle = {{Proceedings of the Ninth Conference on Computational Natural Language Learning}},
  year      = {2005},
  pages     = {9--16},
}

@Article{abeille2020extraction,
  author    = {Abeill{\'e}, Anne and Hemforth, Barbara and Winckel, Elodie and Gibson, Edward},
  title     = {Extraction from subjects: Differences in acceptability depend on the discourse function of the construction},
  journal   = {Cognition},
  year      = {2020},
  volume    = {204},
  pages     = {104293},
  publisher = {Elsevier},
}

@Article{smalle2015dissociating,
  author    = {Smalle, Eleonore H.M. and Rogers, Jack and M{\"o}tt{\"o}nen, Riikka},
  title     = {Dissociating contributions of the motor cortex to speech perception and response bias by using transcranial magnetic stimulation},
  journal   = {Cerebral Cortex},
  year      = {2015},
  volume    = {25},
  number    = {10},
  pages     = {3690–3698},
  publisher = {Oxford University Press},
}

@Article{lupyan2010language,
  author    = {Lupyan, Gary and Dale, Rick},
  title     = {Language structure is partly determined by social structure},
  journal   = {PLOS ONE},
  year      = {2010},
  volume    = {5},
  number    = {1},
  pages     = {e8559},
  url       = {"https://doi.org/10.1371/journal.pone.0008559"},
  publisher = {Public Library of Science},
}

@InCollection{Kiparsky17,
  author    = {Kiparsky, Paul},
  title     = {Nominal Verbs and Transitive Nouns: Vindicating Lexicalism},
  booktitle = {On Looking Into Words (And Beyond)},
  year      = {2017},
  editor    = {Claire Bowern and Laurence Horn and Rafaella Zanuttini},
  publisher = {Language Science Press},
  pages     = {311--346},
  address   = {Berlin},
}

@Article{chi2020finding,
  author  = {Chi, Ethan A and Hewitt, John and Manning, Christopher D},
  title   = {{Finding universal grammatical relations in multilingual BERT}},
  journal = {arXiv preprint arXiv:2005.04511},
  year    = {2020},
}

@Article{liu2022verb,
  author    = {Liu, Yingtong and Ryskin, Rachel and Futrell, Richard and Gibson, Edward},
  title     = {A verb-frame frequency account of constraints on long-distance dependencies in English},
  journal   = {Cognition},
  year      = {2022},
  volume    = {222},
  pages     = {104902},
  publisher = {Elsevier},
}

@InProceedings{pinon2001finer,
  author    = {Piñon, Christopher},
  title     = {A Finer Look at the Causative-Inchoative Alternation},
  booktitle = {Proceedings of SALT XI},
  year      = {2001},
  editor    = {Hastings, Rachel and Jackson, Brendan and Zvolenszky, Zsofia},
  publisher = {Cornell University},
  pages     = {346--364},
  address   = {Ithaca, NY},
}

@Article{mcclelland2010emergence,
  author    = {McClelland, James L},
  title     = {Emergence in cognitive science},
  journal   = {{Topics in Cognitive Science}},
  year      = {2010},
  volume    = {2},
  number    = {4},
  pages     = {751--770},
  publisher = {Wiley Online Library},
}

@Article{radford2019language,
  author  = {Radford, Alec and Wu, Jeffrey and Child, Rewon and Luan, David and Amodei, Dario and Sutskever, Ilya},
  title   = {Language models are unsupervised multitask learners},
  journal = {OpenAI Blog},
  year    = {2019},
  volume  = {1},
  number  = {8},
  pages   = {9},
}

@InCollection{gil2023hierarchical,
  author    = {David Gil},
  title     = {Hierarchical Syntactic Structure in Malay/Indonesian: Between {P}irahã and {H}ad {G}adya},
  booktitle = {From fieldwork to linguistic theory: A tribute to Dan Everett},
  year      = {2023},
  editor    = {Edward Gibson and Moshe Poliak},
  publisher = {Language Science Press},
  pages     = {29--60},
}

@Article{liu2019linguistic,
  author  = {Liu, Nelson F and Gardner, Matt and Belinkov, Yonatan and Peters, Matthew E and Smith, Noah A},
  title   = {Linguistic knowledge and transferability of contextual representations},
  journal = {arXiv preprint arXiv:1903.08855},
  year    = {2019},
}

@Article{huangetal1998,
  author    = {Norden E. Huang and Zheng Shen and Steven R. Long and Man-Li C. Wu and Hsing H. Shih and Quanan Zheng and NaiChyuan Yen and Chi-Chao Tung and Henry H. Liu},
  title     = {The {Empirical Mode Decomposition} and the {Hilbert} spectrum for nonlinear and non-stationary time series analysis},
  journal   = {Proceedings of the Royal Society. Series A: Mathematical, Physical and Engineering Sciences},
  year      = {1998},
  volume    = {454},
  number    = {1971},
  pages     = {903--995},
  address   = {London},
  publisher = {The Royal Society},
}

@Article{Soare96,
  author  = {Soare, Robert I.},
  title   = {Computability and Recursion},
  journal = {Bulletin of Symbolic Logic},
  year    = {1996},
  volume  = {2},
  pages   = {284--321},
}

@Misc{salffner2004,
  author       = {Sophie Salffner},
  title        = {Learning {Ega}: {A} {Linguistic} {Frame} of {Reference} for {Primers} for {Endangered} {Languages}},
  year         = {2004},
  howpublished = {\url{http://emeld.org/school/case/ega/OnAnEgaPrimer.pdf}},
  note         = {MA thesis, Bielefeld University},
}

@Article{deletang2022neural,
  author  = {Del{\'e}tang, Gr{\'e}goire and Ruoss, Anian and Grau-Moya, Jordi and Genewein, Tim and Wenliang, Li Kevin and Catt, Elliot and Hutter, Marcus and Legg, Shane and Ortega, Pedro A},
  title   = {Neural networks and the {C}homsky hierarchy},
  journal = {arXiv preprint arXiv:2207.02098},
  year    = {2022},
}

@Book{hayes2004phonetically,
  author    = {Hayes, Bruce and Kirchner, Robert and Steriade, Donca},
  title     = {Phonetically-based phonology},
  year      = {2004},
  publisher = {Cambridge: Cambridge University Press},
}

@InProceedings{thomason2001pronoun,
  author    = {Thomason, Sarah G and Everett, Daniel L},
  title     = {Pronoun borrowing},
  booktitle = {Annual Meeting of the Berkeley Linguistics Society},
  year      = {2001},
  volume    = {27},
  pages     = {301--316},
}

@Article{zhang2021understanding,
  author    = {Zhang, Chiyuan and Bengio, Samy and Hardt, Moritz and Recht, Benjamin and Vinyals, Oriol},
  title     = {Understanding deep learning (still) requires rethinking generalization},
  journal   = {Communications of the ACM},
  year      = {2021},
  volume    = {64},
  number    = {3},
  pages     = {107--115},
  publisher = {ACM New York, NY, USA},
}

@InCollection{gil2009grammar,
  author    = {Gil, David},
  title     = {How Much Grammar Does It Take to Sail a Boat?},
  booktitle = {Language Complexity as an Evolving Variable},
  year      = {2009},
  publisher = {Oxford University Press, Oxford},
  pages     = {19--33},
}

@InCollection{cennamo2015valency,
  author    = {Cennamo, Michela},
  title     = {Valency patterns in Italian. valency classes in the world’s languages},
  booktitle = {Valency classes in the world’s languages},
  year      = {2015},
  editor    = {Malchukov, Andrej and Comrie, Bernard},
  publisher = {Mouton de Gruyter},
  pages     = {417–481},
}

@Article{nichols2004transitivizing,
  author  = {Nichols, Joanna and Peterson, David A. and Barnes, Jonathan},
  title   = {Transitivizing and detransitivizing languages},
  journal = {Linguistic Typology},
  year    = {2004},
  volume  = {8},
  pages   = {149--211},
}

@Misc{Wu:2016,
  author = {Yonghui Wu and Mike Schuster and Zhifeng Chen and Quoc V. Le and Mohammad Norouzi and Wolfgang Macherey and Maxim Krikun and Yuan Cao and Qin Gao and Klaus Macherey and Jeff Klingner and Apurva Shah and Melvin Johnson and Xiaobing Liu and Łukasz Kaiser and Stephan Gouws and Yoshikiyo Kato and Taku Kudo and Hideto Kazawa and Keith Stevens and George Kurian and Nishant Patil and Wei Wang and Cliff Young and Jason Smith and Jason Riesa and Alex Rudnick and Oriol Vinyals and Greg Corrado and Macduff Hughes and Jeffrey Dean},
  title  = {Google's Neural Machine Translation System: Bridging the Gap between Human and Machine Translation},
  year   = {2016},
  url    = {http://arxiv.org/abs/1609.08144},
}

@Article{aslin1998computation,
  author    = {Aslin, R.N. and Saffran, J.R. and Newport, E.L.},
  title     = {Computation of Conditional Probability Statistics by 8-Month-Old Infants},
  journal   = {Psychological Science},
  year      = {1998},
  volume    = {9},
  number    = {4},
  pages     = {321--324},
  publisher = {Wiley Online Library},
}

@Book{berwick2016only,
  author    = {Berwick, Robert C and Chomsky, Noam},
  title     = {{Why Only Us: Language and Evolution}},
  year      = {2016},
  publisher = {{MIT press}},
}

@Book{jeffreys1998theory,
  author    = {Jeffreys, Harold},
  title     = {{The Theory of Probability}},
  year      = {1939},
  publisher = {Oxford University Press},
}

@Article{lake2015human,
  author    = {Lake, Brenden M and Salakhutdinov, Ruslan and Tenenbaum, Joshua B},
  title     = {Human-level concept learning through probabilistic program induction},
  journal   = {Science},
  year      = {2015},
  volume    = {350},
  number    = {6266},
  pages     = {1332--1338},
  publisher = {{American Association for the Advancement of Science}},
}

@Article{chater2009restrictions,
  author    = {Chater, Nick and Reali, Florencia and Christiansen, Morten H},
  title     = {Restrictions on biological adaptation in language evolution},
  journal   = {{Proceedings of the National Academy of Sciences}},
  year      = {2009},
  volume    = {106},
  number    = {4},
  pages     = {1015--1020},
  publisher = {{National Academy of Sciences}},
}

@Article{metraux1942native,
  author  = {M{\'e}traux, Alfred},
  title   = {The native tribes of eastern {B}olivia and western {M}atto {G}rosso},
  journal = {Bureau of american ethnology Bulletin},
  year    = {1942},
}

@Article{ye2016information,
  author    = {Ye, Hao and Sugihara, George},
  title     = {Information leverage in interconnected ecosystems: {O}vercoming the curse of dimensionality},
  journal   = {Science},
  year      = {2016},
  volume    = {353},
  number    = {6302},
  pages     = {922--925},
  publisher = {American Association for the Advancement of Science},
}

@Book{thompson1946folktale,
  author    = {Thompson, Stith},
  title     = {The folktale},
  year      = {1946},
  publisher = {University of California Press, Berkeley},
}

@Article{belinkov2019analysis,
  author    = {Belinkov, Yonatan and Glass, James},
  title     = {Analysis methods in neural language processing: {A} survey},
  journal   = {{Transactions of the Association for Computational Linguistics}},
  year      = {2019},
  volume    = {7},
  pages     = {49--72},
  publisher = {MIT Press},
}

@InProceedings{mikolov2013distributed,
  author    = {Mikolov, Tomas and Sutskever, Ilya and Chen, Kai and Corrado, Greg S and Dean, Jeff},
  title     = {Distributed representations of words and phrases and their compositionality},
  booktitle = {Advances in neural information processing systems},
  year      = {2013},
  pages     = {3111--3119},
}

@Book{pinker2004blank,
  author    = {Pinker, Steven},
  title     = {The Blank Slate: {T}he modern denial of human nature},
  year      = {2002},
  publisher = {Viking},
}

@Article{berent2002scope,
  author    = {Berent, Iris and Marcus, Gary F. and Shimron, Joseph and Gafos, Adamantios I.},
  title     = {The scope of linguistic generalizations: {E}vidence from Hebrew word formation},
  journal   = {Cognition},
  year      = {2002},
  volume    = {83},
  number    = {2},
  pages     = {113--139},
  publisher = {Elsevier},
}

@Article{frankle2018lottery,
  author  = {Frankle, Jonathan and Carbin, Michael},
  title   = {The lottery ticket hypothesis: {F}inding sparse, trainable neural networks},
  journal = {arXiv preprint arXiv:1803.03635},
  year    = {2018},
}

@Book{gelman2003essential,
  author    = {Gelman, Susan A.},
  title     = {The essential child: {O}rigins of essentialism in everyday thought},
  year      = {2003},
  publisher = {Oxford: Oxford University Press},
}

@Book{Tierney00,
  author    = {Tierney, Patrick},
  title     = {Darkness in {El} {Dorado}: How Scientists and Journalists Devastated the Amazon},
  year      = {2000},
  publisher = {W.\,W.\ Norton},
  address   = {New York},
}

@PhdThesis{Stowell81,
  author  = {Stowell, Timothy},
  title   = {Origins of Phrase Structure},
  year    = {1981},
  address = {Cambridge, MA},
  school  = {MIT},
}

@InCollection{jackendoff2013constructions,
  author    = {Jackendoff, Ray},
  title     = {Constructions in the parallel architecture},
  booktitle = {OxfordcHandbook of Construction Grammar},
  year      = {2013},
  editor    = {Thomas Hoffmann and Graeme Trousdale},
  eds       = {Thomas Hoffmann and Graeme Trousdale},
}

@Article{aslin2012statistical,
  author    = {Aslin, Richard N and Newport, Elissa L},
  title     = {Statistical learning from acquiring specific items to forming general rules},
  journal   = {Current directions in psychological science},
  year      = {2012},
  volume    = {21},
  number    = {3},
  pages     = {170--176},
  publisher = {Sage Publications},
}

@Article{schrimpf2021neural,
  author    = {Schrimpf, Martin and Blank, Idan Asher and Tuckute, Greta and Kauf, Carina and Hosseini, Eghbal A and Kanwisher, Nancy and Tenenbaum, Joshua B and Fedorenko, Evelina},
  title     = {The neural architecture of language: {I}ntegrative modeling converges on predictive processing},
  journal   = {{Proceedings of the National Academy of Sciences}},
  year      = {2021},
  volume    = {118},
  number    = {45},
  pages     = {e2105646118},
  publisher = {National Acad Sciences},
}

@Article{norvig2012colorless,
  author    = {Norvig, Peter},
  title     = {Colorless green ideas learn furiously: {C}homsky and the two cultures of statistical learning},
  journal   = {Significance},
  year      = {2012},
  volume    = {9},
  number    = {4},
  pages     = {30--33},
  publisher = {Wiley Online Library},
}

@Book{Givon79,
  author    = {Talmy Giv{\'o}n},
  title     = {On Understanding Grammar},
  year      = {1979},
  publisher = {Academic Press},
  address   = {New York},
}

@Article{berent2021can,
  author    = {Berent, Iris},
  title     = {Can the mind command the body?},
  journal   = {Cognitive Science},
  year      = {2021},
  volume    = {45},
  number    = {12},
  pages     = {e13067},
  publisher = {Wiley Online Library},
}

@Article{warstadt2019neural,
  author    = {Warstadt, Alex and Singh, Amanpreet and Bowman, Samuel R},
  title     = {Neural network acceptability judgments},
  journal   = {{Transactions of the Association for Computational Linguistics}},
  year      = {2019},
  volume    = {7},
  pages     = {625--641},
  publisher = {MIT Press},
}

@Book{bloom2005descartes,
  author    = {Bloom, Paul},
  title     = {Descartes' baby: {H}ow the science of child development explains what makes us human},
  year      = {2005},
  publisher = {New York: Basic Books},
}

@Article{wichmann2016asjp,
  author  = {Wichmann, S{\o}ren and Holman, Eric W and Brown, Cecil H},
  title   = {The ASJP database},
  journal = {Jena: Max Planck Institute for the Science of Human History. Search in},
  year    = {2016},
}

@Article{gibson2013rational,
  author    = {Edward Gibson and Leon Bergen and Steven T. Piantadosi},
  title     = {Rational integration of noisy evidence and prior semantic expectations in sentence interpretation},
  journal   = {Proceedings of the National Academy of Sciences},
  year      = {2013},
  volume    = {110},
  number    = {20},
  pages     = {8051--8056},
  publisher = {National Academy of Sciences},
}

@TechReport{Fokker:1989,
  author      = {Fokker, J.},
  title       = {The systematic construction of a one-combinator basis},
  institution = {Department of Computer Science, University of Utrecht},
  year        = {1989},
  number      = {RUU-CS-89-14},
}

@InCollection{goodman2014concepts,
  author      = {Goodman, N.D. and Tenenbaum, J.B, and Gerstenberg, T.},
  title       = {Concepts in a Probabilistic Language of Thought},
  booktitle   = {To appear in Concepts: New Directions},
  year        = {2014},
  editor      = {Margolis and Laurence},
  institution = {{Center for Brains, Minds and Machines (CBMM)}},
}

@Book{vanvalin2005exploring,
  author    = {Van Valin, Robert D. Jr.},
  title     = {Exploring the syntax-semantics interface},
  year      = {2005},
  publisher = {Cambridge University Press},
  address   = {Cambridge},
}

@Article{berent2023phonetic,
  author    = {Berent, Iris and Fried, Peter J. and Theodore, Rachel M. and Manning, Daniel and Pascual-Leone, Alvaro},
  title     = {Phonetic categorization relies on motor simulation, but combinatorial phonological computations are abstract},
  journal   = {Scientific Reports},
  year      = {2023},
  volume    = {13},
  number    = {1},
  pages     = {874},
  publisher = {Nature Publishing Group UK London},
}

@Unpublished{cysouw2023hierarchical,
  author = {Cysouw, Michael},
  title  = {Hierarchical Structure, A New Terminological Conundrum for Martin},
  year   = {2023},
  note   = {Paper presented at the Colloquium on Martin Haspelmath's 60th Birthday, University of Potsdam},
  month  = {March 2},
}

@Article{wilcox2022using,
  author    = {Wilcox, Ethan Gotlieb and Futrell, Richard and Levy, Roger},
  title     = {Using computational models to test syntactic learnability},
  journal   = {{Linguistic Inquiry}},
  year      = {2022},
  pages     = {1--88},
  publisher = {{MIT Press}},
}

@Article{pereira2000formal,
  author    = {Fernando Pereira},
  title     = {Formal grammar and information theory: {T}ogether again?},
  journal   = {Philosophical Transactions of the Royal Society},
  year      = {2000},
  volume    = {358},
  number    = {1769},
  pages     = {1239--1253},
  publisher = {{The Royal Society}},
}

@Article{sandler2005emergence,
  author    = {Sandler, Wendy and Meir, Irit and Padden, Carol and Aronoff, Mark},
  title     = {The emergence of grammar: Systematic structure in a new language},
  journal   = {Proceedings of the National Academy of Sciences},
  year      = {2005},
  volume    = {102},
  number    = {7},
  pages     = {2661--2665},
  publisher = {National Acad Sciences},
}

@Article{collins2022structured,
  author  = {Collins, Katherine M and Wong, Catherine and Feng, Jiahai and Wei, Megan and Tenenbaum, Joshua B},
  title   = {Structured, flexible, and robust: {B}enchmarking and improving large language models towards more human-like behavior in out-of-distribution reasoning tasks},
  journal = {arXiv preprint arXiv:2205.05718},
  year    = {2022},
}

@Article{tenney2019bert,
  author  = {Tenney, Ian and Das, Dipanjan and Pavlick, Ellie},
  title   = {BERT rediscovers the classical NLP pipeline},
  journal = {arXiv preprint arXiv:1905.05950},
  year    = {2019},
}

@Article{berent2022autism,
  author    = {Berent, Iris and Theodore, Rachel M. and Valencia, Erick},
  title     = {Autism attenuates the perception of the mind-body divide},
  journal   = {Proceedings of the National Academy of Sciences},
  year      = {2022},
  volume    = {119},
  number    = {49},
  pages     = {e2211628119},
  publisher = {National Academy of Sciences},
}

@Article{gold1967language,
  author    = {E.M. Gold},
  title     = {{Language identification in the limit}},
  journal   = {{Information and control}},
  year      = {1967},
  volume    = {10},
  number    = {5},
  pages     = {447--474},
  issn      = {0019-9958},
  publisher = {Elsevier},
}

@Book{vendler1967linguistics,
  author    = {Vendler, Zeno},
  title     = {Linguistics in Philosophy},
  year      = {[1967]1957},
  publisher = {Cornell University Press},
  address   = {Ithaca, N.Y.},
}

@Article{everett1982phonetic,
  author    = {Everett, Daniel Leonard},
  title     = {Phonetic rarities in {P}irah\~{a}},
  journal   = {Journal of the International Phonetic Association},
  year      = {1982},
  volume    = {12},
  number    = {2},
  pages     = {94--96},
  publisher = {Cambridge Univ Press},
}

@InCollection{cosmides1994origins,
  author    = {Cosmides, Leda and Tooby, John},
  title     = {Origins of domain specificity: {T}he evolution of functional organization},
  booktitle = {Mapping the Mind: {D}omain specificity in cognition and culture},
  year      = {1994},
  editor    = {Hirschfeld, Lawrence A. and Gelman, Susan A.},
  publisher = {Cambridge University Press},
  pages     = {85--116},
}

@InCollection{gil2000syntactic,
  author    = {Gil, David},
  title     = {Syntactic Categories, Cross-Linguistic Variation and Universal Grammar},
  booktitle = {Approaches to the Typology of Word Classes, Empirical Approaches to Language Typology},
  year      = {2000},
  publisher = {Mouton, Berlin and New York},
  pages     = {173--216},
}

@Book{Blackburn:2015,
  author    = {Patrick Blackburn and Johan Bos},
  title     = {Representation and Inference for Natural Language},
  year      = {2015},
  publisher = {University of Chicago Press},
}

@InCollection{Dixon81,
  author    = {Dixon, Robert M.~W.},
  title     = {Wargamay},
  booktitle = {Handbook of Australian Languages, Volume 2},
  year      = {1981},
  editor    = {Robert M.~W. Dixon and Barry J. Blake},
  publisher = {Australian National University Press},
  pages     = {1--144},
  address   = {Canberra},
}

@Article{ComrSmit77,
  author  = {Comrie, Bernard and Norval Smith},
  title   = {Lingua {Descriptive} {Studies}: {Questionnaire}},
  journal = {Lingua},
  year    = {1977},
  volume  = {42},
  number  = {1},
  pages   = {1--72},
}

@InCollection{wals12,
  author    = {Ian Maddieson},
  title     = {Syllable Structure (v2020.3)},
  booktitle = {The World Atlas of Language Structures Online},
  year      = {2013},
  editor    = {Matthew S. Dryer and Martin Haspelmath},
  publisher = {Zenodo},
  doi       = {10.5281/zenodo.7385533},
  url       = {https://doi.org/10.5281/zenodo.7385533},
  type      = {Data set},
}

@Book{HuddPull02,
  author    = {Huddleston, Rodney and Geoffrey K. Pullum},
  title     = {The {Cambridge} Grammar of the {English} Language},
  year      = {2002},
  publisher = {Cambridge University Press},
  address   = {Cambridge},
}

@Article{everett2018similar,
  author    = {Everett, Caleb},
  title     = {The similar rates of occurrence of consonants across the world's languages: A quantitative analysis of phonetically transcribed word lists},
  journal   = {Language Sciences},
  year      = {2018},
  volume    = {69},
  pages     = {125--135},
  publisher = {Elsevier},
}

@Article{pullum2023dan,
  author  = {Pullum, Geoffrey Keith},
  title   = {{Daniel Everett on Pirah\~{a} Syntax}},
  journal = {Cadernos de Lingu{\'\i}stica},
  year    = {2023},
  volume  = {1},
  number  = {1},
  pages   = {01--33},
}

@Article{EpstHorn05,
  author  = {Sam Epstein and Norbert Hornstein},
  title   = {Letter on `{The} Future of Language' (\textit{Science})},
  journal = {Language},
  year    = {2005},
  volume  = {81},
  number  = {1},
  pages   = {3--6},
}

@InProceedings{centineo1995distribution,
  author       = {Centineo, Giulia},
  title        = {The distribution of si in Italian transitive-inchoative pairs},
  booktitle    = {Proceedings of SALT V},
  year         = {1995},
  organization = {Cornell University Press},
  pages        = {54--71},
}

@InCollection{karlsson2010,
  author    = {Fred Karlsson},
  title     = {Chapter 3. Syntactic recursion and iteration},
  booktitle = {{Recursion and Human Language}},
  year      = {2010},
  editor    = {Harry van der Hulst},
  publisher = {De Gruyter Mouton},
  pages     = {43--68},
  address   = {Berlin, New York},
}

@Article{henrich2010weirdest,
  author      = {Henrich, Joseph and Heine, Steven J and Norenzayan, Ara},
  title       = {The weirdest people in the world?},
  journal     = {Behavioral and Brain Sciences},
  year        = {2010},
  volume      = {33},
  number      = {2-3},
  pages       = {61--83},
  url         = {https://hdl.handle.net/10419/43616},
  address     = {Berlin},
  institution = {Rat für Sozial- und Wirtschaftsdaten (RatSWD)},
  publisher   = {Cambridge Univ Press},
  type        = {RatSWD Working Paper Series 139},
}

@InCollection{cennamo2011anticausative,
  author    = {Cennamo, Michela and Jezek, Elisabetta},
  title     = {The anticausative alternation in Italian},
  booktitle = {Traduzione e idea di traduzione nel tempo e nella società},
  year      = {2011},
  publisher = {Bulzoni},
  pages     = {809–823},
}

@InProceedings{socher2013recursive,
  author    = {Socher, Richard and Perelygin, Alex and Wu, Jean and Chuang, Jason and Manning, Christopher D and Ng, Andrew Y and Potts, Christopher},
  title     = {Recursive deep models for semantic compositionality over a sentiment treebank},
  booktitle = {{Proceedings of the 2013 Conference on Empirical Methods in Natural Language Processing}},
  year      = {2013},
  pages     = {1631--1642},
}

@Book{elman1996rethinking,
  author    = {Elman, Jeffrey L and Bates, Elizabeth A and Johnson, Mark H and Karmiloff-Smith, Annette and Parisi, Domenico and Plunkett, Kim},
  title     = {{Rethinking Innateness: {A} Connectionist Perspective on Development}},
  year      = {1996},
  publisher = {{MIT press}},
}

@InCollection{cennamo2022anticausativization,
  author    = {Cennamo, Michela},
  title     = {Anticausativization in Latin and Early Italo-Romance: The Semantics of Predicates and the Syntax of Voice},
  booktitle = {Variation, Contact and Reconstruction in the Ancient Indo-European Languages. Between Linguistics and Philology},
  year      = {2022},
  editor    = {Romagno, Domenica and Rovai, Francesco and Bianconi, Michele and Capano, Marta},
  publisher = {Brill},
  pages     = {243--273},
}

@Book{chomsky1995minimalist,
  author    = {Chomsky, N.},
  title     = {The minimalist program},
  year      = {1995},
  volume    = {28},
  publisher = {Cambridge University Press},
}

@Article{futrell2022information,
  author  = {Futrell, Richard and Hahn, Michael},
  title   = {Information Theory as a Bridge Between Language Function and Language Form},
  journal = {Frontiers in {C}ommunication},
  year    = {2022},
  volume  = {7},
  number  = {657725},
}

@Article{NevPesRod09a,
  author  = {Nevins, Andrew and Pesetsky, David and Rodrigues, Cilene},
  title   = {Pirah{\~a} Exceptionality: A Reassessment},
  journal = {Language},
  year    = {2009},
  volume  = {85},
  number  = {2},
  pages   = {355--404},
}

@Article{priva2017informativity,
  author    = {Priva, Uriel Cohen},
  title     = {Informativity and the actuation of lenition},
  journal   = {Language},
  year      = {2017},
  volume    = {93},
  number    = {3},
  pages     = {569--597},
  publisher = {JSTOR},
}

@Article{NevPesRod09b,
  author  = {Nevins, Andrew and Pesetsky, David and Rodrigues, Cilene},
  title   = {Evidence and Argumentation: A Reply to {Everett} (2009)},
  journal = {Language},
  year    = {2009},
  volume  = {85},
  number  = {3},
  pages   = {671--681},
}

@Article{everett2009piraha,
  author    = {Everett, Daniel L},
  title     = {Pirah{\~a} culture and grammar: A response to some criticisms},
  journal   = {Language},
  year      = {2009},
  pages     = {405--442},
  publisher = {JSTOR},
}

@Article{everett2019recursion,
  author    = {Everett, Daniel L and Gibson, Edward},
  title     = {Review of {Recursion across domains}, ed. by {Luiz Amaral} et al.},
  journal   = {Language},
  year      = {2019},
  volume    = {95},
  number    = {4},
  pages     = {777--790},
  publisher = {Linguistic Society of America},
}

@Article{samardzic2012meaning,
  author  = {Samardžić, Tanja and Merlo, Paola},
  title   = {The Meaning of Lexical Causatives in Crosslinguistic Variation},
  journal = {Linguistic Issues in Language Technology},
  year    = {2012},
  volume  = {7},
  number  = {12},
  pages   = {1--14},
}

@Book{manning1999foundations,
  author    = {C.D. Manning and H. Sch{\"u}tze},
  title     = {{Foundations of statistical natural language processing}},
  year      = {1999},
  volume    = {59},
  publisher = {{MIT Press}},
  address   = {Cambridge, MA},
}

@Article{perry1979problem,
  author    = {Perry, John},
  title     = {The problem of the essential indexical},
  journal   = {No{\^u}s},
  year      = {1979},
  pages     = {3--21},
  publisher = {JSTOR},
}

@Book{ridley2003nature,
  author    = {Ridley, Matthew},
  title     = {Nature via nurture: {G}enes, experience, and what makes us human},
  year      = {2003},
  publisher = {Harper Collins},
}

@InProceedings{bender2021dangers,
  author    = {Bender, Emily M and Gebru, Timnit and McMillan-Major, Angelina and Shmitchell, Shmargaret},
  title     = {On the Dangers of Stochastic Parrots: {C}an Language Models Be Too Big?},
  booktitle = {{Proceedings of the 2021 ACM Conference on Fairness, Accountability, and Transparency}},
  year      = {2021},
  pages     = {610--623},
}

@InProceedings{marvin2018targeted,
  author    = {Rebecca Marvin and Tal Linzen},
  title     = {Targeted syntactic evaluation of language models},
  booktitle = {Proceedings of EMNLP},
  year      = {2018},
  address   = {Brussels},
  journal   = {arXiv preprint arXiv:1808.09031},
}

@Article{katzir2023large,
  author  = {Katzir, Roni},
  title   = {Why large language models are poor theories of human linguistic cognition. {A reply to Piantadosi (2023).}},
  journal = {Manuscript. Tel Aviv University. url: https://lingbuzz. net/lingbuzz/007190},
  year    = {2023},
}

@Article{heidinger2015causalness,
  author  = {Heidinger, Steffen},
  title   = {Causalness and the encoding of the causative-anticausative alternation in French and Spanish},
  journal = {Journal of Linguistics},
  year    = {2015},
  volume  = {51},
  number  = {3},
  pages   = {562--594},
}

@Article{wedel2013functional,
  author    = {Wedel, Andrew and Jackson, Scott and Kaplan, Abby},
  title     = {Functional load and the lexicon: Evidence that syntactic category and frequency relationships in minimal lemma pairs predict the loss of phoneme contrasts in language change},
  journal   = {Language and speech},
  year      = {2013},
  volume    = {56},
  number    = {3},
  pages     = {395--417},
  publisher = {SAGE Publications Sage UK: London, England},
}

@Article{ONeil77,
  author  = {O'Neil, Wayne},
  title   = {Clause Adjunction in {Old} {English}},
  journal = {General Linguistics},
  year    = {1977},
  volume  = {17},
  number  = {4},
  pages   = {199--211},
}

@Book{rothemerg1974verbes,
  author    = {Rothemberg, Mira},
  title     = {Les verbes à la fois transitifs et intransitifs en français contemporain},
  year      = {1974},
  publisher = {Mouton},
  address   = {Paris},
}

@InProceedings{spenader2019conservative,
  author       = {Spenader, Jennifer and De Villiers, Jill},
  title        = {Are conservative quantifiers easier to learn? {E}vidence from novel quantifier experiments},
  booktitle    = {{Proceedings of the 22nd Amsterdam Colloquium}},
  year         = {2019},
  organization = {University of Amsterdam},
  pages        = {504--512},
}

@Article{everett2017languages,
  author    = {Everett, Caleb},
  title     = {Languages in drier climates use fewer vowels},
  journal   = {Frontiers in psychology},
  year      = {2017},
  volume    = {8},
  pages     = {1285},
  publisher = {Frontiers Media SA},
}

@Article{hood2012children,
  author    = {Hood, Bruce and Gjersoe, Nathalia L. and Bloom, Paul},
  title     = {Do children think that duplicating the body also duplicates the mind?},
  journal   = {Cognition},
  year      = {2012},
  volume    = {125},
  number    = {3},
  pages     = {466--474},
  publisher = {Elsevier},
}

@Book{dowty1979word,
  author    = {Dowty, David R.},
  title     = {Word meaning and Montague grammar},
  year      = {1979},
  publisher = {Dordrecht: Reidel},
}

@Article{kemp2012kinship,
  author    = {Kemp, Charles and Regier, Terry},
  title     = {Kinship categories across languages reflect general communicative principles},
  journal   = {Science},
  year      = {2012},
  volume    = {336},
  number    = {6084},
  pages     = {1049--1054},
  publisher = {American Association for the Advancement of Science},
}

@InCollection{sandalo2018selfembedded,
  author    = {Sandalo, Filomena and Rodrigues, Cilene and Roeper, Tom and Amaral, Luiz and Maia, Marcus and da Silva, Glauber Romling},
  title     = {"Self-embedded recursive postpositional phrases in Pirahã: A pilot study"},
  booktitle = {"Recursion Across Domains"},
  year      = {2018},
  publisher = {"Cambridge University Press"},
  pages     = {"279–295"},
}

@Article{venables2003r,
  author  = {Venables, William N and Smith, David M},
  title   = {The R development core team},
  journal = {An Introduction to R, Version},
  year    = {2003},
  volume  = {1},
  number  = {0},
}

@Article{liao2022recursive,
  author    = {Liao, Diana A and Brecht, Katharina F and Johnston, Melissa and Nieder, Andreas},
  title     = {Recursive sequence generation in crows},
  journal   = {Science Advances},
  year      = {2022},
  volume    = {8},
  number    = {44},
  pages     = {eabq3356},
  publisher = {American Association for the Advancement of Science},
}

@Book{dahl2004growth,
  author    = {Dahl, Östen},
  title     = {The growth and maintenance of linguistic complexity},
  year      = {2004},
  publisher = {John Benjamins, Amsterdam},
}

@InProceedings{raviv2019larger,
  author    = {Raviv, Limor and Meyer, Antje and Lev-Ari, Shiri},
  title     = {Larger Communities Create More Systematic Languages},
  booktitle = {Proceedings of the Royal Society B: Vol. 286, 907},
  year      = {2019},
  pages     = {20191262},
}

@InCollection{keil1986acquisition,
  author    = {Keil, Frank C.},
  title     = {The acquisition of natural kind and artifact terms},
  booktitle = {Language Learning and Concept Acquisition: Foundational Issues},
  year      = {1986},
  editor    = {Demopoulos, William and Marras, Ausonio},
}

@Book{herault1983,
  author    = {Georges Hérault},
  title     = {Atlas Linguistique des Langues Kwa},
  year      = {1983},
  publisher = {Institut de Linguistique Appliquée, Agence de Coopération Culturelle et Technique},
  address   = {Abidjan},
}

@Book{kempson1975presupposition,
  author    = {Kempson, Ruth M},
  title     = {Presupposition and the Delimitation of Semantics},
  year      = {1975},
  volume    = {15},
  publisher = {Cambridge University Press},
}

@Book{shoemaker1996first,
  author    = {Shoemaker, Sydney},
  title     = {The first-person perspective and other essays},
  year      = {1996},
  publisher = {Cambridge University Press},
}

@Article{gomez2014language,
  author    = {G{\'o}mez, David M. and Berent, Iris and Benavides-Varela, Silvia and Bion, Ricardo A.H. and Cattarossi, Luigi and Nespor, Marina and Mehler, Jacques},
  title     = {Language universals at birth},
  journal   = {Proceedings of the National Academy of Sciences},
  year      = {2014},
  volume    = {111},
  number    = {16},
  pages     = {5837--5341},
  publisher = {National Academy of Sciences},
}

@Article{traunmueller1994,
  author  = {Hartmut Traunmüller},
  title   = {Conventional, biological, and environmental factors in speech communication: a modulation theory},
  journal = {Phonetica},
  year    = {1994},
  volume  = {51},
  number  = {1-3},
  pages   = {170--183},
}

@Misc{Everett10,
  author       = {Everett, Daniel L.},
  title        = {You Drink. You Drive. You Go to Jail. Where's Recursion?},
  year         = {2010},
  howpublished = {LingBuzz archive, paper no.\ 001141, online at \url{https://ling.auf.net/lingbuzz/001141}},
}

@Article{berent2020speech,
  author    = {Berent, Iris and Platt, Melanie and Theodore, Rachel and Balaban, Evan and Fried, Peter J. and Pascual-Leone, Alvaro},
  title     = {Speech perception triggers articulatory action: {E}vidence from mechanical stimulation},
  journal   = {Frontiers in Communication},
  year      = {2020},
  volume    = {5},
  publisher = {Frontiers Media SA},
}

@Article{pires2019multilingual,
  author  = {Pires, Telmo and Schlinger, Eva and Garrette, Dan},
  title   = {{How multilingual is multilingual BERT?}},
  journal = {arXiv preprint arXiv:1906.01502},
  year    = {2019},
}

@Book{Everett12,
  author    = {Everett, Daniel L.},
  title     = {Language: The Cultural Tool},
  year      = {2012},
  publisher = {Vintage},
  address   = {New York},
}

@Misc{Everett13,
  author       = {Everett, Daniel L.},
  title        = {The shrinking Chomskyan corner: A final reply to Nevins, Pesetsky, Rodrigues},
  year         = {2013},
  howpublished = {LingBuzz archive, paper no.\ 000994, version 4, online at \url{https://ling.auf.net/lingbuzz/000994}},
}

@Article{bresnan1989locative,
  author  = {Bresnan, Joan and Kanerva, Jonni},
  title   = {Locative Inversion in Chicheŵa: A Case Study of Factorization in Grammar},
  journal = {Linguistic Inquiry},
  year    = {1989},
  volume  = {20},
  pages   = {1--50},
}

@Article{folli2005consuming,
  author    = {Folli, Raffaella and Harley, Heidi},
  title     = {Consuming results in Italian and English: Flavors of v},
  journal   = {Aspectual inquiries},
  year      = {2005},
  volume    = {1},
  pages     = {95--120},
  publisher = {Citeseer},
}

@Book{Everett16,
  author    = {Everett, Daniel L.},
  title     = {Dark Matter of the Mind: The Culturally Articulated Unconscious},
  year      = {2016},
  publisher = {University of Chicago Press},
  address   = {Chicago, IL},
}

@InCollection{slobin1996thought,
  author    = {Slobin, Dan I.},
  title     = {From 'thought and language' to 'thinking for speaking'},
  booktitle = {Rethinking Linguistic Relativity},
  year      = {1996},
  publisher = {Cambridge University Press},
  pages     = {70--96},
}

@InCollection{loporcaro2016auxiliary,
  author    = {Loporcaro, Michele},
  title     = {Auxiliary selection and participial agreement},
  booktitle = {The Oxford Guide to the Romance Languages},
  year      = {2016},
  publisher = {Oxford: Oxford University Press},
  pages     = {802--818},
}

@Article{FutrellEtAl16,
  author  = {Futrell, Richard and Laura Stearns and Daniel L. Everett and Steven T. Piantadosi and Edward Gibson},
  title   = {A Corpus Investigation of Syntactic Embedding in {Pirah{\~a}}},
  journal = {PLoS ONE},
  year    = {2016},
  volume  = {11},
  number  = {3},
  pages   = {e0145289},
  note    = {DOI: 10.1371/journal.pone.0145289},
}

@Article{tabor2000fractal,
  author    = {Tabor, Whitney},
  title     = {Fractal encoding of context-free grammars in connectionist networks},
  journal   = {Expert Systems},
  year      = {2000},
  volume    = {17},
  number    = {1},
  pages     = {41--56},
  publisher = {Wiley Online Library},
}

@Article{jackendoff1977x,
  author  = {Jackendoff, Ray},
  title   = {X syntax: A study of phrase structure},
  journal = {Linguistic Inquiry Monographs Cambridge, Mass},
  year    = {1977},
  number  = {2},
  pages   = {1--249},
}

@Article{pavlick2022semantic,
  author    = {Pavlick, Ellie},
  title     = {Semantic structure in deep learning},
  journal   = {Annual Review of Linguistics},
  year      = {2022},
  volume    = {8},
  pages     = {447--471},
  publisher = {Annual Reviews},
}

@Article{coupe2019different,
  author    = {Coup{\'e}, Christophe and Oh, Yoon Mi and Dediu, Dan and Pellegrino, Fran{\c{c}}ois},
  title     = {Different languages, similar encoding efficiency: {C}omparable information rates across the human communicative niche},
  journal   = {Science Advances},
  year      = {2019},
  volume    = {5},
  number    = {9},
  pages     = {eaaw2594},
  publisher = {American Association for the Advancement of Science},
}

@InProceedings{toddbrown1994,
  author    = {Neil P McAngus Todd and Guy J Brown},
  title     = {A computational model of prosody perception},
  booktitle = {{Proceedings of the International Conference on Speech and Language Processing}},
  year      = {1994},
  pages     = {127--130},
}

@Book{chomskyhalle1968,
  author    = {Noam Chomsky and Morris Halle},
  title     = {The {S}ound {P}attern of {E}nglish},
  year      = {1968},
  publisher = {MIT Press},
  address   = {Boston MA},
}

@Article{mameli2011evaluation,
  author    = {Mameli, Matteo and Bateson, Patrick},
  title     = {An evaluation of the concept of innateness},
  journal   = {Philosophical Transactions of the Royal Society B: {B}iological Sciences},
  year      = {2011},
  volume    = {366},
  number    = {1563},
  pages     = {436--443},
  publisher = {The Royal Society},
}

@Book{Wierzbicka:1996,
  author    = {Wierzbicka, Anna},
  title     = {Semantics: Primes and universals},
  year      = {1996},
  volume    = {26},
  publisher = {Oxford University Press Oxford},
}

@Article{redington1998distributional,
  author    = {Redington, Martin and Chater, Nick and Finch, Steven},
  title     = {Distributional information: {A} powerful cue for acquiring syntactic categories},
  journal   = {{Cognitive Science}},
  year      = {1998},
  volume    = {22},
  number    = {4},
  pages     = {425--469},
  publisher = {Wiley Online Library},
}

@Book{Wierzbicka:1992,
  author    = {Anna Wierzbicka},
  title     = {Semantics, culture, and cognition: Universal human concepts in culture-specific configurations},
  year      = {1992},
  publisher = {Oxford University Press},
}

@Article{frank2008number,
  author    = {M. Frank and D.L. Everett and E. Fedorenko and E. Gibson},
  title     = {{Number as a cognitive technology: Evidence from Pirah{\~a} language and cognition}},
  journal   = {{Cognition}},
  year      = {2008},
  volume    = {108},
  number    = {3},
  pages     = {819--824},
  publisher = {Elsevier},
}

@Book{chomsky2002nature,
  author    = {Chomsky, Noam},
  title     = {{On Nature and Language}},
  year      = {2002},
  publisher = {Cambridge University Press},
}

@Article{wang2019empiricism,
  author    = {Wang, Jinjing and Feigenson, Lisa},
  title     = {Is empiricism innate? Preference for nurture over nature in people’s beliefs about the origins of human knowledge},
  journal   = {Open Mind},
  year      = {2019},
  volume    = {3},
  pages     = {89–100},
  publisher = {Cambridge, MA: MIT Press},
}

@InCollection{cennamo2021anticausatives,
  author    = {Cennamo, Michela},
  title     = {Anticausatives and lability in Italian and French: a diachronic-synchronic comparative study},
  booktitle = {Valency over time},
  year      = {2021},
  editor    = {Luraghi, Silvia and Roma, Elisa},
  publisher = {Mouton de Gruyter},
  pages     = {265–304},
}

@Article{steinert2019learnability,
  author  = {Steinert-Threlkeld, Shane and Szymanik, Jakub},
  title   = {Learnability and semantic universals},
  journal = {{Semantics and Pragmatics}},
  year    = {2019},
  volume  = {12},
  number  = {4},
  pages   = {1--39},
}

@InProceedings{crutchfield1994anything,
  author       = {Crutchfield, James P},
  title        = {Is anything ever new? {C}onsidering emergence},
  booktitle    = {{Santa Fe Institute Studies in the Sciences of Complexity}},
  year         = {1994},
  volume       = {19},
  organization = {ADDISON-WESLEY PUBLISHING CO},
  pages        = {1--15},
}

@PhdThesis{Everett83,
  author  = {Everett, Daniel L.},
  title   = {A Lingua {Pirah{\~a}} e a Teoria da Sintaxe},
  year    = {1983},
  address = {Campinas, Brazil},
  school  = {Universidade Estadual de Campinas},
}

@Article{pullum2002empirical,
  author    = {Pullum, Geoffrey K and Scholz, Barbara C},
  title     = {Empirical assessment of stimulus poverty arguments},
  journal   = {The linguistic review},
  year      = {2002},
  volume    = {19},
  number    = {1-2},
  pages     = {9--50},
  issn      = {0167-6318},
  publisher = {De Gruyter Mouton},
}

@Misc{dilley2005,
  author = {Laura Christine Dilley},
  title  = {The {P}honetics and {P}honology of {T}onal {S}ystems},
  year   = {2005},
  note   = {Thesis (Ph.D.), Massachusetts Institute of Technology, Dept. of Linguistics and Philosophy},
  url    = {\url{http://dspace.mit.edu/handle/1721.1/30274}},
}

@Article{Kornai:2021,
  author  = {Andr\'as Kornai},
  title   = {Vocabulary: Common or Basic?},
  journal = {Frontiers in Psychology},
  year    = {2021},
  date    = {2021},
  month   = {11},
  doi     = {10.3389/fpsyg.2021.730112},
  url     = {https://www.frontiersin.org/articles/10.3389/fpsyg.2021.730112/full},
  day     = {15},
}

@InProceedings{patel2022mapping,
  author    = {Patel, Roma and Pavlick, Ellie},
  title     = {Mapping language models to grounded conceptual spaces},
  booktitle = {{International Conference on Learning Representations}},
  year      = {2022},
}

@Article{marblestone2016toward,
  author    = {Marblestone, Adam H and Wayne, Greg and Kording, Konrad P},
  title     = {Toward an integration of deep learning and neuroscience},
  journal   = {{Frontiers in Computational Neuroscience}},
  year      = {2016},
  volume    = {10},
  number    = {94},
  publisher = {Frontiers},
}

@Article{warstadt2019investigating,
  author  = {Warstadt, Alex and Cao, Yu and Grosu, Ioana and Peng, Wei and Blix, Hagen and Nie, Yining and Alsop, Anna and Bordia, Shikha and Liu, Haokun and Parrish, Alicia and others},
  title   = {{Investigating BERT's knowledge of language: Five analysis methods with NPIs}},
  journal = {arXiv preprint arXiv:1909.02597},
  year    = {2019},
}

@Book{wittgenstein1953philosophical,
  author    = {Wittgenstein, Ludwig},
  title     = {Philosophical investigations},
  year      = {1953},
  publisher = {Blackwell},
}

@Article{Muller:2018,
  author  = {Stefan M{\"{u}}ller},
  title   = {The end of lexicalism as we know it?},
  journal = {Language},
  year    = {2018},
  volume  = {94},
  issue   = {1},
  pages   = {54--66},
}

@Book{Kornai:2022,
  author    = {Kornai, András},
  title     = {Vector semantics},
  date      = {2023},
  publisher = {Springer Verlag},
  url       = {http://kornai.com/Drafts/advsem.pdf},
}

@Article{berent2022phonology,
  author    = {Berent, Iris and Platt, Melanie},
  title     = {Is phonology embodied? Evidence from mechanical stimulation},
  journal   = {Journal of Psycholinguistic Research},
  year      = {2022},
  volume    = {51},
  number    = {3},
  pages     = {597--626},
  publisher = {Springer},
}

@InCollection{bertinetto1995attempt,
  author    = {Bertinetto, Pier Marco and Squartini, Mario},
  title     = {An attempt at defining the class of ‘gradual completion’ verbs},
  booktitle = {Temporal reference, aspect and actionality},
  year      = {1995},
  editor    = {Bertinetto, Pier Marco and Bianchi, Valentina and Higginbotham, James and Squartini, Mario},
  volume    = {1},
  publisher = {Rosenberg \& Sellier},
  pages     = {11–26},
}

@Article{chomsky1959certain,
  author  = {Noam Chomsky},
  title   = {On certain formal properties of grammars},
  journal = {Information and Control},
  year    = {1959},
  volume  = {2},
  number  = {2},
  pages   = {137--167},
}

@Article{everett2005cultural,
  author    = {Everett, Daniel L.},
  title     = {Cultural constraints on grammar and cognition in Pirah{\~a}},
  journal   = {{C}urrent {A}nthropology},
  year      = {2005},
  volume    = {46},
  number    = {4},
  pages     = {621--646},
  publisher = {JSTOR},
}

@Article{pullum2007evolution,
  author  = {Pullum, Geoffrey K},
  title   = {The evolution of model-theoretic frameworks in linguistics},
  journal = {Model-Theoretic Syntax at 10},
  year    = {2007},
  pages   = {1--10},
}

@Article{crain2002language,
  author    = {Crain, Stephen and Pietroski, Paul},
  title     = {Why language acquisition is a snap},
  journal   = {{The Linguistic Review}},
  year      = {2002},
  volume    = {19},
  number    = {1},
  pages     = {163--183},
  publisher = {De Gruyter Mouton},
}

@InCollection{ross2001contact,
  author    = {Ross, Malcolm D.},
  title     = {Contact-Induced Change in Oceanic Languages in North-West Melanesia},
  booktitle = {Areal Diffusion and Genetic Inheritance},
  year      = {2001},
  editor    = {Aikhenvald, A.Y. and Dixon, R.M.W.},
  publisher = {Oxford University Press},
  address   = {Oxford},
}

@Article{sakel2007moseten,
  author    = {Sakel, Jeanette},
  title     = {Moset{\'e}n borrowing from {S}panish},
  journal   = {Empirical Approaches to Langauge Typology},
  year      = {2007},
  volume    = {38},
  pages     = {567},
  publisher = {Mouton de Gruyter},
}

@Article{goldberg2003constructions,
  author    = {Goldberg, Adele E},
  title     = {Constructions: {A} new theoretical approach to language},
  journal   = {{Trends in Cognitive Sciences}},
  year      = {2003},
  volume    = {7},
  number    = {5},
  pages     = {219--224},
  publisher = {Elsevier},
}

@Article{brown2020language,
  author  = {Brown, Tom B and Mann, Benjamin and Ryder, Nick and Subbiah, Melanie and Kaplan, Jared and Dhariwal, Prafulla and Neelakantan, Arvind and Shyam, Pranav and Sastry, Girish and Askell, Amanda and others},
  title   = {Language models are few-shot learners},
  journal = {arXiv preprint arXiv:2005.14165},
  year    = {2020},
  volume  = {33},
  pages   = {1877--1901},
}

@InCollection{bolerichard1983,
  author    = {Rémy Bole-Richard},
  title     = {Ega},
  booktitle = {Atlas Linguistique des Langues Kwa},
  year      = {1983},
  editor    = {Georges Hérault},
  publisher = {Institut de Linguistique Appliquée, Agence de Coopération Culturelle et Technique},
  pages     = {359--401},
  address   = {Abidjan},
}

@InProceedings{morikawafujisaki1976,
  author    = {Hiroyoshi Morikawa and Hiroya Fujisaki},
  title     = {An adaptive speech analysis system},
  booktitle = {{IEEE} {International Conference on Acoustics, Speech, and Signal Processing}},
  year      = {1976},
  volume    = {1},
  pages     = {348--348},
}

@TechReport{Joshi:1990,
  author      = {Aravind K. Joshi and K. Vijay-Shanker and David J. Weir},
  title       = {The Convergence of {M}ildly {C}ontext-{S}ensitive Grammar Formalisms},
  institution = {University of Pennsylvania},
  year        = {1990},
  department  = {CIS},
}

@Article{goldstein1999emergence,
  author    = {Goldstein, Jeffrey},
  title     = {Emergence as a construct: {H}istory and issues},
  journal   = {Emergence},
  year      = {1999},
  volume    = {1},
  number    = {1},
  pages     = {49--72},
  publisher = {Taylor \& Francis},
}

@Article{futrell2016corpus,
  author    = {Richard Futrell and Laura Stearns and Daniel L. Everett and Steven T. Piantadosi and Edward Gibson},
  title     = {A corpus investigation of syntactic embedding in {P}irah\~{a}},
  journal   = {PLOS ONE},
  year      = {2016},
  volume    = {11},
  number    = {3},
  pages     = {e0145289},
  doi       = {10.1371/journalpone.0145289},
  publisher = {Public Library of Science San Francisco, CA USA},
}

@InCollection{acedomatellan2022argument,
  author    = {Acedo-Matellán, Victor and Mateu, Jaume and Pineda, Anna},
  title     = {Argument Structure and Argument Realization},
  booktitle = {The Cambridge Handbook of Romance Linguistics},
  year      = {2022},
  editor    = {Ledgeway, Adam and Maiden, Martin},
  publisher = {Cambridge University Press},
  pages     = {491--518},
}

@InCollection{Kiparsky:1982b,
  author    = {Paul Kipar\-sky},
  title     = {Word-formation and the Lexicon},
  booktitle = {Proceedings of the Mid-America Linguistics Conference},
  year      = {1982},
  editor    = {F. Ingemann},
  address   = {Lawrence, Kansas},
}

@InCollection{pullum2010recursion,
  author    = {Pullum, Geoffrey K and Scholz, Barbara C},
  title     = {Recursion and the infinitude claim},
  booktitle = {Recursion in human language},
  year      = {2010},
  editor    = {Harry {van der Hulst}},
  publisher = {Mouton de Gruyter},
  pages     = {113--138},
  address   = {Berlin},
}

@InCollection{vivanco2021scalar,
  author    = {Vivanco, Margot},
  title     = {Scalar constraints on anticausative SE: The Aspectual Hypothesis revisited},
  booktitle = {Unraveling the complexity of SE},
  year      = {2021},
  editor    = {Armstrong, Grant and MacDonald, Jonathan E.},
  publisher = {Springer},
  pages     = {291--318},
  address   = {Dordrecht},
}

@Misc{bentley2021two,
  author = {Bentley, Delia},
  title  = {Two types of external causation and the causative alternation in Romance. Paper presented at Romance Linguistics Circle online series (https://rolinc.org/)},
  year   = {2021},
}

@Book{Foley86,
  author    = {Foley, William A.},
  title     = {The {Papuan} Languages of {New} {Guinea}},
  year      = {1986},
  publisher = {Cambridge University Press},
  address   = {Cambridge, UK},
}

@Article{Hornstein19,
  author  = {Hornstein, Norbert},
  title   = {Recursive Lemons: A Review of \textit{{Recursion} {Across} {Domains}}},
  journal = {Language},
  year    = {2019},
  volume  = {95},
  number  = {4},
  pages   = {791--802},
}

@Article{everaert2015structures,
  author    = {Everaert, Martin BH and Huybregts, Marinus AC and Chomsky, Noam and Berwick, Robert C and Bolhuis, Johan J},
  title     = {Structures, not strings: linguistics as part of the cognitive sciences},
  journal   = {Trends in cognitive sciences},
  year      = {2015},
  volume    = {19},
  number    = {12},
  pages     = {729--743},
  publisher = {Elsevier},
}

@InProceedings{liang2009learning,
  author       = {Liang, P. and Jordan, M.I. and Klein, D.},
  title        = {Learning semantic correspondences with less supervision},
  booktitle    = {{Proceedings of the Joint Conference of the 47th Annual Meeting of the ACL and the 4th International Joint Conference on Natural Language Processing of the AFNLP}},
  year         = {2009},
  volume       = {1},
  organization = {Association for Computational Linguistics},
  pages        = {91--99},
}

@InCollection{mahowald2022efficient,
  author    = {Mahowald, Kyle and Dautriche, Isabelle and Braginsky, Mika and Gibson, Ted},
  title     = {Efficient communication and the organization of the lexicon},
  booktitle = {{The Oxford Handbook of the Mental Lexicon}},
  year      = {2022},
  publisher = {{Oxford University Press}},
  eds       = {Anna Papafragou and John C. Trueswell and Lila R. Gleitman},
}

@InProceedings{steinert2020quantifiers,
  author       = {Steinert-Threlkeld, Shane},
  title        = {Quantifiers in natural language optimize the simplicity/informativeness trade-off},
  booktitle    = {{Proceedings of the 22nd Amsterdam Colloquium}},
  year         = {2019},
  organization = {{Institute for Logic, Language and Computation at the University of Amsterdam}},
  pages        = {513--522},
}

@Article{jackendoff2017linear,
  author  = {Jackendoff, Ray and Wittenberg, Eva},
  title   = {Linear Grammar as a Possible Steppingstone in the Evolution of Language},
  journal = {Psychonomic Bulletin and Review},
  year    = {2017},
  volume  = {24},
  number  = {1},
  pages   = {219--224},
}

@Book{mammeri1985ahellil,
  author    = {Mammeri, Mouloud},
  title     = {L'ahellil de Gourara},
  year      = {1985},
  publisher = {Éditions de la Maison des sciences de l'homme},
}

@Book{adele1995constructions,
  author    = {Adele E. Goldberg},
  title     = {{Constructions: A Construction Grammar Approach to Argument Structure}},
  year      = {1995},
  publisher = {{University of Chicago Press}},
}

@Article{springer1991early,
  author    = {Springer, Ken and Keil, Frank C.},
  title     = {Early differentiation of causal mechanisms appropriate to biological and nonbiological kinds},
  journal   = {Child development},
  year      = {1991},
  volume    = {62},
  number    = {4},
  pages     = {767--781},
  publisher = {Wiley Online Library},
}

@Book{couperkuhlenselting2017,
  author    = {Elizabeth Couper-Kuhlen and Margret Selting},
  title     = {{Interactional Linguistics. Studying Language in Social Interaction}},
  year      = {2018},
  publisher = {Cambridge University Press},
  address   = {Cambridge},
}

@Article{hopcroft2001introduction,
  author    = {Hopcroft, John E and Motwani, Rajeev and Ullman, Jeffrey D},
  title     = {Introduction to automata theory, languages, and computation},
  journal   = {Acm Sigact News},
  year      = {2001},
  volume    = {32},
  number    = {1},
  pages     = {60--65},
  publisher = {ACM New York, NY, USA},
}

@Article{trecca2021danish,
  author    = {Trecca, Fabio and Tyl{\'e}n, Kristian and H{\o}jen, Anders and Christiansen, Morten H},
  title     = {Danish as a window onto language processing and learning},
  journal   = {Language Learning},
  year      = {2021},
  volume    = {71},
  number    = {3},
  pages     = {799--833},
  publisher = {Wiley Online Library},
}

@InCollection{berent2021empiricism,
  author    = {Berent, Iris and Platt, Melanie and Sandoboe, Gwendolyn M.},
  title     = {Empiricism is natural: {I}t arises from Dualism and Essentialism},
  booktitle = {Oxford Studies in Experimental Philosophy},
  year      = {2021},
  editor    = {Lombrozo, Tania and Knobe, Joshua and Nichols, Shaun},
  volume    = {4},
  publisher = {Oxford: Oxford University Press},
  pages     = {112--154},
}

@Article{HauChoFit02,
  author  = {Hauser, Marc D. and Noam Chomsky and Warren Tecumseh Fitch},
  title   = {The Faculty of Language: What Is It, Who Has It, and How Did It Evolve?},
  journal = {Science},
  year    = {2002},
  volume  = {298},
  pages   = {1569--1579},
}

@Article{collins2016formalization,
  author    = {Collins, Chris and Stabler, Edward},
  title     = {A formalization of minimalist syntax},
  journal   = {Syntax},
  year      = {2016},
  volume    = {19},
  number    = {1},
  pages     = {43--78},
  publisher = {{Wiley Online Library}},
}

@InProceedings{gibbonbowbirdhughes2004,
  author    = {Dafydd Gibbon and Catherine Bow and Steven Bird and Baden Hughes},
  title     = {Securing interpretability: {The} case of {Ega} language documentation},
  booktitle = {Proceedings of the 4th {International Conference on Language Resources and Evaluation} ({LREC} 2004)},
  year      = {2004},
  publisher = {ELRA},
  pages     = {1369--1372},
  address   = {Paris},
}

@Misc{dalrymple2022handbook,
  author    = {Dalrymple, Mary},
  title     = {{Handbook of Lexical Functional Grammar}},
  year      = {2022},
  publisher = {Berlin: Language Science Press. Forthcoming},
}

@Article{dasgupta2022language,
  author  = {Dasgupta, Ishita and Lampinen, Andrew K and Chan, Stephanie CY and Creswell, Antonia and Kumaran, Dharshan and McClelland, James L and Hill, Felix},
  title   = {Language models show human-like content effects on reasoning},
  journal = {arXiv preprint arXiv:2207.07051},
  year    = {2022},
}

@Article{lewis1998elements,
  author    = {Lewis, Harry R and Papadimitriou, Christos H},
  title     = {Elements of the Theory of Computation},
  journal   = {ACM SIGACT News},
  year      = {1998},
  volume    = {29},
  number    = {3},
  pages     = {62--78},
  publisher = {ACM New York, NY, USA},
}

@InProceedings{ohala1992,
  author    = {John Ohala},
  title     = {Alternatives to the sonority hierarchy for explaining segmental sequential constraints},
  booktitle = {{Papers from the Parasession on the Syllable}},
  year      = {1992},
  publisher = {Chicago Linguistics Society},
  pages     = {319--338},
  address   = {Chicago},
}

@Article{turing1950computing,
  author  = {Turing, A M},
  title   = {{Computing Machinery and Intelligence}},
  journal = {Mind},
  year    = {1950},
  volume  = {59},
  number  = {236},
  pages   = {433--460},
}

@Article{kemp2018semantic,
  author    = {Kemp, Charles and Xu, Yang and Regier, Terry},
  title     = {Semantic typology and efficient communication},
  journal   = {Annual Review of Linguistics},
  year      = {2018},
  volume    = {4},
  pages     = {109--128},
  publisher = {Annual Reviews},
}

@Article{kirby2016dplace,
  author  = {Kirby, Kathryn R. and Gray, Russell D. and Greenhill, Simon J. and Jordan, Fiona M. and Gomes-Ng, Stephanie and Bibiko, Hans-Jörg and Blasi, Damián E. and Botero, Carlos A. and Bowern, Claire and Ember, Carol R. and Leehr, Dan and Low, Bobbi S. and McCarter, Joe and Divale, William and Gavin, Michael C.},
  title   = {D-PLACE: A Global Database of Cultural, Linguistic and Environmental Diversity},
  journal = {PLoS ONE},
  year    = {2016},
  volume  = {11},
  number  = {7},
  pages   = {e0158391},
  doi     = {10.1371/journal.pone.0158391},
}

@Article{bommasani2021opportunities,
  author  = {Bommasani, Rishi and Hudson, Drew A and Adeli, Ehsan and Altman, Russ and Arora, Simran and von Arx, Sydney and Bernstein, Michael S and Bohg, Jeannette and Bosselut, Antoine and Brunskill, Emma and others},
  title   = {On the opportunities and risks of foundation models},
  journal = {arXiv preprint arXiv:2108.07258},
  year    = {2021},
}

@Article{fedorenko2016language,
  author    = {Fedorenko, Evelina and Varley, Rosemary},
  title     = {Language and thought are not the same thing: evidence from neuroimaging and neurological patients},
  journal   = {Annals of the New York Academy of Sciences},
  year      = {2016},
  volume    = {1369},
  number    = {1},
  pages     = {132},
  publisher = {NIH Public Access},
}

@Article{castaneda19661999,
  author    = {Casta{\~n}eda, Hector-Neri},
  title     = {‘He’: A Study in the Logic of Self-Consciousness},
  journal   = {HN Casta{\~n}eda, The Phenomeno-Logic of the I. Essays on Self-Consciousness},
  year      = {1966},
  pages     = {35--60},
  publisher = {Bloomington: Indiana University Press},
}

@InProceedings{tchagbale2001,
  author    = {Zakari Tchagbale},
  title     = {L’accent tonal du {Tem}},
  booktitle = {{Proceedings of TAPS - Workshop on Typology of African Prosodic Systems, Bielefeld Occasional Papers In Typology}},
  year      = {2001},
  editor    = {Ulrike Gut and Enoabasi Essien Urua and Dafydd Gibbon},
}

@Article{hu2020systematic,
  author  = {Hu, Jennifer and Gauthier, Jon and Qian, Peng and Wilcox, Ethan and Levy, Roger P},
  title   = {A systematic assessment of syntactic generalization in neural language models},
  journal = {arXiv preprint arXiv:2005.03692},
  year    = {2020},
}

@Misc{Liberman06,
  author       = {Liberman, Mark},
  title        = {Parataxis in {Pirah{\~a}}},
  year         = {2006},
  howpublished = {Language Log, 19 May 2006; online at {\small\url{http://itre.cis.upenn.edu/~myl/languagelog/archives/003162.html}}},
}

@Article{carruthers2020mindreading,
  author    = {Carruthers, Peter},
  title     = {How mindreading might mislead cognitive science},
  journal   = {Journal of Consciousness Studies},
  year      = {2020},
  volume    = {27},
  number    = {7-8},
  pages     = {195--219},
  publisher = {Imprint Academic},
}

@Article{edelman2003seriously,
  author  = {Edelman, Shimon and Christiansen, Morten H},
  title   = {How seriously should we take minimalist syntax? {A comment on Lasnik}},
  journal = {{Trends in Cognitive Science}},
  year    = {2003},
  volume  = {7},
  number  = {2},
  pages   = {60--61},
}

@Book{duanmu2007,
  author    = {San Duanmu},
  title     = {The {P}honology of {S}tandard {C}hinese},
  year      = {2007},
  note      = {Second Edition},
  publisher = {Oxford University Press},
  address   = {Oxford},
}

@Article{everett1998acoustic,
  author  = {Everett, Keren Madora},
  title   = {The acoustic correlates of stress in Pirah{\~a}},
  journal = {The journal of Amazonian languages},
  year    = {1998},
  volume  = {1},
  number  = {2},
  pages   = {104--162},
}

@Article{dkabrowska2015exactly,
  author  = {D{\k{a}}browska, Ewa},
  title   = {What exactly is {Universal Grammar}, and has anyone seen it?},
  journal = {{Frontiers in Psychology}},
  year    = {2015},
  volume  = {6},
  pages   = {852},
}

@Article{wichmann2011phonological,
  author  = {Wichmann, Søren and Rama, Taraka and Holman, Eric W.},
  title   = {Phonological diversity, word length and population sizes across languages: The ASJP evidence},
  journal = {Linguistic Typology},
  year    = {2011},
  pages   = {177--197},
}

@Book{hutter2004universal,
  author    = {Hutter, Marcus},
  title     = {{Universal Artificial Intelligence: Sequential Decisions Based on Algorithmic probability}},
  year      = {2004},
  publisher = {{Springer}},
}

@Article{schafer2009causative,
  author  = {Schäfer, Florian},
  title   = {The causative alternation},
  journal = {Languages and Linguistics Compass},
  year    = {2009},
  volume  = {3},
  number  = {2},
  pages   = {641--681},
}

@Article{chisholm1981first,
  author = {Chisholm, Roderick M},
  title  = {The first person: An essay on reference and intentionality},
  year   = {1981},
}

@Article{berent2021amodal,
  author    = {Berent, Iris and Bat-El, Outi and Brentari, Diane and Andan, Qatherine and Vaknin-Nusbaum, Vered},
  title     = {Amodal phonology},
  journal   = {Journal of Linguistics},
  year      = {2021},
  volume    = {57},
  number    = {3},
  publisher = {Cambridge: Cambridge University Press},
}

@Article{astuti2004constraints,
  author    = {Astuti, Rita and Solomon, Gregg E.A. and Carey, Susan and Ingold, Tim and Miller, Patricia H.},
  title     = {Constraints on conceptual development: {A} case study of the acquisition of folkbiological and folksociological knowledge in Madagascar},
  journal   = {Monographs of the society for Research in Child Development},
  year      = {2004},
  volume    = {69},
  number    = {3},
  pages     = {i+v+vii-viii+1--161},
  publisher = {JSTOR},
}

@InCollection{jackendoff2014what,
  author    = {Ray Jackendoff and Eva Wittenberg},
  title     = {What you can say without syntax: {A} hierarchy of grammatical complexity},
  booktitle = {Measuring grammatical complexity},
  year      = {2014},
  editor    = {F. Newmeyer and L. Preston},
  publisher = {Oxford University Press},
  pages     = {65–82},
  address   = {Oxford, UK},
}

@Article{cennamo2012aspectual,
  author  = {Cennamo, Michela},
  title   = {Aspectual constraints on the (anti)causative alternation in Old Italian},
  journal = {Transactions of the Philological Society},
  year    = {2012},
  volume  = {110},
  number  = {3},
  pages   = {394–421},
}

@Book{pinker1989learnability,
  author    = {Pinker, Stephen},
  title     = {Learnability and Cognition. The Acquisition of Argument Structure},
  year      = {1989},
  publisher = {The MIT Press},
}

@Article{Steedman:1987,
  author  = {Mark Steedman},
  title   = {Combinatory grammars and parasitic gaps},
  journal = {Natural Language and Linguistic Theory},
  year    = {1987},
  volume  = {5},
  pages   = {403--439},
}

@InCollection{Kornai:2010,
  author    = {Kornai, Andr\'as},
  title     = {The algebra of lexical semantics},
  booktitle = {{Proceedings of the 11th Mathematics of Language Workshop}},
  year      = {2010},
  editor    = {Christian Ebert and Gerhard J\"ager and Jens Michaelis},
  series    = {LNAI 6149},
  publisher = {Springer},
  pages     = {174--199},
  doi       = {10.5555/1886644.1886658},
}

@Article{lasnik2002minimalist,
  author    = {Lasnik, Howard},
  title     = {{The Minimalist Program in Syntax}},
  journal   = {{Trends in Cognitive Sciences}},
  year      = {2002},
  volume    = {6},
  number    = {10},
  pages     = {432--437},
  publisher = {Elsevier},
}

@Online{rawski2023modern,
  author  = {Rawski, Jon and Baumont, J},
  title   = {Modern Language Models Refute Nothing},
  year    = {2023},
  url     = {https://lingbuzz.net/lingbuzz/007203},
  journal = {Lingbuzz Preprint},
}

@InCollection{baroni2022proper,
  author    = {Baroni, Marco},
  title     = {On the Proper Role of Linguistically Oriented Deep Net Analysis in Linguistic Theorising},
  booktitle = {{Algebraic Structures in Natural Language}},
  year      = {2022},
  publisher = {{CRC Press}},
  pages     = {1--16},
}

@Article{schuller1917introduction,
  author  = {Schuller, Rudolph},
  title   = {Introduction to {B}enigno {B}ibolotti’s {M}oseteno vocabulary and treaties from an unpublished manuscript in possession of {N}orthwestern’s {U}niversity {L}ibrary},
  journal = {Evaston and Chicago: Northwestern University},
  year    = {1917},
}

@Misc{Gross11,
  author       = {Gross, Charles},
  title        = {Disgrace: On {Marc} {Hauser}},
  year         = {2011},
  howpublished = {\emph{The Nation} 294 (2--3), online 21 December 2011, printed in the 9--16 January 2012 issue, p.\,25; \url{ https://www.thenation.com/article/disgrace-marc-hauser/}},
}

@Article{berent2020knowledge,
  author    = {Berent, Iris and Bat-El, Outi and Brentari, Diane and Platt, Melanie},
  title     = {Knowledge of language transfers from speech to sign: {E}vidence from doubling},
  journal   = {Cognitive Science},
  year      = {2020},
  volume    = {44},
  number    = {1},
  pages     = {e12809},
  publisher = {Wiley Online Library},
}

@Article{gonen2020s,
  author  = {Gonen, Hila and Ravfogel, Shauli and Elazar, Yanai and Goldberg, Yoav},
  title   = {{It's not Greek to mBERT: Inducing word-level translations from multilingual BERT}},
  journal = {arXiv preprint arXiv:2010.08275},
  year    = {2020},
}

@Book{levin1995unaccusativity,
  author    = {Levin, Beth and Rappaport Hovav, Malka},
  title     = {Unaccusativity: At the syntax-lexical semantics interface},
  year      = {1995},
  publisher = {Cambridge, MA: The MIT Press},
}

@InCollection{Kornai:2012,
  author    = {Kornai, Andr\'as},
  title     = {Eliminating ditransitives},
  booktitle = {{Revised and Selected Papers from the 15th and 16th Formal Grammar Conferences}},
  year      = {2012},
  editor    = {Ph. de Groote and M-J Nederhof},
  series    = {LNCS 7395},
  publisher = {Springer},
  pages     = {243--261},
}

@Article{Bruening:2018,
  author  = {Bruening, Benjamin},
  title   = {The lexicalist hypothesis: Both wrong and superfluous},
  journal = {Language},
  year    = {2018},
  volume  = {94},
  number  = {1},
  pages   = {1--42},
  doi     = {10.1353/lan.2018.0000},
}

@Article{tabor1997parsing,
  author    = {Tabor, Whitney and Juliano, Cornell and Tanenhaus, Michael K},
  title     = {Parsing in a dynamical system: {A}n attractor-based account of the interaction of lexical and structural constraints in sentence processing},
  journal   = {{Language and Cognitive Processes}},
  year      = {1997},
  volume    = {12},
  number    = {2-3},
  pages     = {211--271},
  publisher = {Taylor \& Francis},
}

@Book{ledgeway2012latin,
  author    = {Ledgeway, Adam},
  title     = {From Latin to Romance: Morphosyntactic typology and change},
  year      = {2012},
  publisher = {Oxford: Oxford University Press},
}

@InCollection{kailuweit2012construcciones,
  author    = {Kailuweit, Rolf},
  title     = {Construcciones anticausativas: el español comparado con el francés},
  booktitle = {Aspectualidad – Transidividad – Referencialidad. Las lenguas románicas en contraste},
  year      = {2012},
  publisher = {Frankfurt: Peter Lang},
  pages     = {133--158},
}

@Article{Lewis:1970,
  author    = {Lewis, D.},
  title     = {General semantics},
  journal   = {Synthese},
  year      = {1970},
  volume    = {22},
  number    = {1},
  pages     = {18--67},
  publisher = {Springer},
}

@Comment{jabref-meta: databaseType:biblatex;}
